%YAML 1.1
%TAG !u! tag:unity3d.com,2011:
--- !u!1 &1665495701094139620
GameObject:
  m_ObjectHideFlags: 0
  m_CorrespondingSourceObject: {fileID: 0}
  m_PrefabInstance: {fileID: 0}
  m_PrefabAsset: {fileID: 0}
  serializedVersion: 6
  m_Component:
  - component: {fileID: 804584038346269203}
  - component: {fileID: 8847941604003254937}
  - component: {fileID: 8878656197705629792}
  - component: {fileID: 786050694813146590}
  - component: {fileID: 2925911860646765636}
  - component: {fileID: 7703248426113634626}
  m_Layer: 0
  m_Name: Level Complete Trigger
  m_TagString: Untagged
  m_Icon: {fileID: 0}
  m_NavMeshLayer: 0
  m_StaticEditorFlags: 0
  m_IsActive: 1
--- !u!4 &804584038346269203
Transform:
  m_ObjectHideFlags: 0
  m_CorrespondingSourceObject: {fileID: 0}
  m_PrefabInstance: {fileID: 0}
  m_PrefabAsset: {fileID: 0}
  m_GameObject: {fileID: 1665495701094139620}
  m_LocalRotation: {x: -0, y: -0, z: -0, w: 1}
  m_LocalPosition: {x: -0.97, y: -1.053761, z: 0.06}
  m_LocalScale: {x: 3.6185, y: 1, z: 1}
  m_Children: []
  m_Father: {fileID: 3928152597773391635}
  m_RootOrder: 4
  m_LocalEulerAnglesHint: {x: 0, y: 0, z: 0}
--- !u!33 &8847941604003254937
MeshFilter:
  m_ObjectHideFlags: 0
  m_CorrespondingSourceObject: {fileID: 0}
  m_PrefabInstance: {fileID: 0}
  m_PrefabAsset: {fileID: 0}
  m_GameObject: {fileID: 1665495701094139620}
  m_Mesh: {fileID: 10202, guid: 0000000000000000e000000000000000, type: 0}
--- !u!65 &8878656197705629792
BoxCollider:
  m_ObjectHideFlags: 0
  m_CorrespondingSourceObject: {fileID: 0}
  m_PrefabInstance: {fileID: 0}
  m_PrefabAsset: {fileID: 0}
  m_GameObject: {fileID: 1665495701094139620}
  m_Material: {fileID: 0}
  m_IsTrigger: 1
  m_Enabled: 1
  serializedVersion: 2
  m_Size: {x: 1, y: 1, z: 1}
  m_Center: {x: 0, y: 0, z: 0}
--- !u!114 &786050694813146590
MonoBehaviour:
  m_ObjectHideFlags: 0
  m_CorrespondingSourceObject: {fileID: 0}
  m_PrefabInstance: {fileID: 0}
  m_PrefabAsset: {fileID: 0}
  m_GameObject: {fileID: 1665495701094139620}
  m_Enabled: 1
  m_EditorHideFlags: 0
  m_Script: {fileID: 11500000, guid: 98d624145e7663449af9188aa921255f, type: 3}
  m_Name: 
  m_EditorClassIdentifier: 
  OnTriggerEnterCB:
    m_PersistentCalls:
      m_Calls:
      - m_Target: {fileID: 2925911860646765636}
        m_MethodName: MissionComplete
        m_Mode: 1
        m_Arguments:
          m_ObjectArgument: {fileID: 0}
          m_ObjectArgumentAssemblyTypeName: UnityEngine.Object, UnityEngine
          m_IntArgument: 0
          m_FloatArgument: 0
          m_StringArgument: 
          m_BoolArgument: 0
        m_CallState: 2
    m_TypeName: UnityEngine.Events.UnityEvent, UnityEngine.CoreModule, Version=0.0.0.0,
      Culture=neutral, PublicKeyToken=null
  OnTriggerStayCB:
    m_PersistentCalls:
      m_Calls: []
    m_TypeName: UnityEngine.Events.UnityEvent, UnityEngine.CoreModule, Version=0.0.0.0,
      Culture=neutral, PublicKeyToken=null
  OnTriggerExitCB:
    m_PersistentCalls:
      m_Calls: []
    m_TypeName: UnityEngine.Events.UnityEvent, UnityEngine.CoreModule, Version=0.0.0.0,
      Culture=neutral, PublicKeyToken=null
  playerType: 4
  otherObj: {fileID: 0}
--- !u!114 &2925911860646765636
MonoBehaviour:
  m_ObjectHideFlags: 0
  m_CorrespondingSourceObject: {fileID: 0}
  m_PrefabInstance: {fileID: 0}
  m_PrefabAsset: {fileID: 0}
  m_GameObject: {fileID: 1665495701094139620}
  m_Enabled: 1
  m_EditorHideFlags: 0
  m_Script: {fileID: 11500000, guid: 8e405990db7334046893ff6cd55e29e6, type: 3}
  m_Name: 
  m_EditorClassIdentifier: 
  button: 3
--- !u!114 &7703248426113634626
MonoBehaviour:
  m_ObjectHideFlags: 0
  m_CorrespondingSourceObject: {fileID: 0}
  m_PrefabInstance: {fileID: 0}
  m_PrefabAsset: {fileID: 0}
  m_GameObject: {fileID: 1665495701094139620}
  m_Enabled: 1
  m_EditorHideFlags: 0
  m_Script: {fileID: 11500000, guid: 233da1d42676dd44082db810f387bdee, type: 3}
  m_Name: 
  m_EditorClassIdentifier: 
  sceneToLoad:
    sceneAsset: {fileID: 102900000, guid: 948fad0e63e02ed47926f316223153d0, type: 3}
    scenePath: Assets/Game/Scenes/Levels/level_2.unity
  EnableMultiTouch: 0
--- !u!114 &3928152597194960151
MonoBehaviour:
  m_ObjectHideFlags: 0
  m_CorrespondingSourceObject: {fileID: 0}
  m_PrefabInstance: {fileID: 0}
  m_PrefabAsset: {fileID: 0}
  m_GameObject: {fileID: 1670476317157233182}
  m_Enabled: 1
  m_EditorHideFlags: 0
  m_Script: {fileID: 11500000, guid: 3bacecf3448cb53409ae7410c40cd540, type: 3}
  m_Name: 
  m_EditorClassIdentifier: 
  onStart: 0
  activationSpeed: 1
  deactivationSpeed: 1
  isTimer: 0
  timer: 0
  isDual: 0
  isRobot: 0
  isPlatform: 0
  activeSFX: {fileID: 0}
  deactivateSFX: {fileID: 0}
  audioSource: {fileID: 0}
  playersOnTrigger: 0
  startTimer: 0
  movingPlatform: {fileID: 0}
--- !u!1 &3928152597323242762
GameObject:
  m_ObjectHideFlags: 0
  m_CorrespondingSourceObject: {fileID: 0}
  m_PrefabInstance: {fileID: 0}
  m_PrefabAsset: {fileID: 0}
  serializedVersion: 6
  m_Component:
  - component: {fileID: 3928152597323242765}
  - component: {fileID: 3928152597323242764}
  - component: {fileID: 3928152597323242763}
  m_Layer: 0
  m_Name: Point Light
  m_TagString: Untagged
  m_Icon: {fileID: 0}
  m_NavMeshLayer: 0
  m_StaticEditorFlags: 0
  m_IsActive: 1
--- !u!4 &3928152597323242765
Transform:
  m_ObjectHideFlags: 0
  m_CorrespondingSourceObject: {fileID: 0}
  m_PrefabInstance: {fileID: 0}
  m_PrefabAsset: {fileID: 0}
  m_GameObject: {fileID: 3928152597323242762}
  m_LocalRotation: {x: -0, y: -0, z: 0.3451541, w: 0.93854606}
  m_LocalPosition: {x: 0.71755815, y: 0.24141626, z: 0.08300018}
  m_LocalScale: {x: 1, y: 1, z: 1}
  m_Children: []
  m_Father: {fileID: 8356760297859350256}
  m_RootOrder: 0
  m_LocalEulerAnglesHint: {x: 0, y: 0, z: 0}
--- !u!108 &3928152597323242764
Light:
  m_ObjectHideFlags: 0
  m_CorrespondingSourceObject: {fileID: 0}
  m_PrefabInstance: {fileID: 0}
  m_PrefabAsset: {fileID: 0}
  m_GameObject: {fileID: 3928152597323242762}
  m_Enabled: 1
  serializedVersion: 9
  m_Type: 2
  m_Color: {r: 1, g: 0.9104993, b: 0, a: 1}
  m_Intensity: 1.39
  m_Range: 0.33
  m_SpotAngle: 30
  m_InnerSpotAngle: 21.80208
  m_CookieSize: 10
  m_Shadows:
    m_Type: 0
    m_Resolution: -1
    m_CustomResolution: -1
    m_Strength: 1
    m_Bias: 0.05
    m_NormalBias: 0.4
    m_NearPlane: 0.2
    m_CullingMatrixOverride:
      e00: 1
      e01: 0
      e02: 0
      e03: 0
      e10: 0
      e11: 1
      e12: 0
      e13: 0
      e20: 0
      e21: 0
      e22: 1
      e23: 0
      e30: 0
      e31: 0
      e32: 0
      e33: 1
    m_UseCullingMatrixOverride: 0
  m_Cookie: {fileID: 0}
  m_DrawHalo: 0
  m_Flare: {fileID: 0}
  m_RenderMode: 0
  m_CullingMask:
    serializedVersion: 2
    m_Bits: 4294967295
  m_RenderingLayerMask: 1
  m_Lightmapping: 4
  m_LightShadowCasterMode: 0
  m_AreaSize: {x: 1, y: 1}
  m_BounceIntensity: 1
  m_ColorTemperature: 6570
  m_UseColorTemperature: 0
  m_BoundingSphereOverride: {x: 0, y: 0, z: 0, w: 0}
  m_UseBoundingSphereOverride: 0
  m_ShadowRadius: 0
  m_ShadowAngle: 0
--- !u!114 &3928152597323242763
MonoBehaviour:
  m_ObjectHideFlags: 0
  m_CorrespondingSourceObject: {fileID: 0}
  m_PrefabInstance: {fileID: 0}
  m_PrefabAsset: {fileID: 0}
  m_GameObject: {fileID: 3928152597323242762}
  m_Enabled: 0
  m_EditorHideFlags: 0
  m_Script: {fileID: 11500000, guid: f01d29d88278f45458d99e6b5199e920, type: 3}
  m_Name: 
  m_EditorClassIdentifier: 
  strength: 1
  overrideColor: 0
  overridingColor: {r: 0.9999, g: 0.9999, b: 0.9999, a: 0.9999}
  useShadow: 1
  shadowMapRenderTexture: {fileID: 0}
  useCookie: 1
  cookieMapRenderTexture: {fileID: 0}
  enableOutOfPhaseColor: 0
  outOfPhaseColorStrength: 0.1
  outOfPhaseColor: {r: 0, g: 1, b: 1, a: 1}
  storeShadowDataShader: {fileID: 4800000, guid: fff19db2423616b4dbabe995cd97279e,
    type: 3}
  shadowDataRenderTexture: {fileID: 0}
  customDistanceFalloffThreshold: 0.5
  customDistanceFalloffPower: 2
  storeDirectionalSpotLightCookieMapShader: {fileID: 4800000, guid: ffdac5434c39f7545b910c253007c8fc,
    type: 3}
  customCookieDistanceFalloffStartThreshold: 0.1
  customCookieDistanceFalloffEndThreshold: 0.25
  customCookieDistanceFalloffPower: 2
  customAngularFalloffThreshold: 0.8
  customAngularFalloffPower: 2
  storePointLightShadowMapShader: {fileID: 4800000, guid: f1531a9bd4087ff468de8de09f6ba126,
    type: 3}
  storePointLightShadowMapMesh: {fileID: 4300000, guid: d68bec3f4c08e40468fad98606344ea6,
    type: 3}
  storePointLightCookieMapShader: {fileID: 4800000, guid: 83815c326d7f2514884f3fc7a05b5aef,
    type: 3}
--- !u!1 &3928152597773391634
GameObject:
  m_ObjectHideFlags: 0
  m_CorrespondingSourceObject: {fileID: 0}
  m_PrefabInstance: {fileID: 0}
  m_PrefabAsset: {fileID: 0}
  serializedVersion: 6
  m_Component:
  - component: {fileID: 3928152597773391635}
  - component: {fileID: 3928152597773391637}
  - component: {fileID: 3928152597773391636}
  - component: {fileID: 3928152597773391638}
  m_Layer: 0
  m_Name: LevelEnd_Event
  m_TagString: Untagged
  m_Icon: {fileID: -964228994112308473, guid: 0000000000000000d000000000000000, type: 0}
  m_NavMeshLayer: 0
  m_StaticEditorFlags: 0
  m_IsActive: 1
--- !u!4 &3928152597773391635
Transform:
  m_ObjectHideFlags: 0
  m_CorrespondingSourceObject: {fileID: 0}
  m_PrefabInstance: {fileID: 0}
  m_PrefabAsset: {fileID: 0}
  m_GameObject: {fileID: 3928152597773391634}
  m_LocalRotation: {x: 0, y: 0, z: 0, w: 1}
  m_LocalPosition: {x: -20.11, y: 3.6573062, z: 31.77}
  m_LocalScale: {x: 1, y: 1, z: 1}
  m_Children:
  - {fileID: 3928152598599391842}
  - {fileID: 3928152598249498654}
  - {fileID: 1670476317497751953}
  - {fileID: 8356760297859350256}
  - {fileID: 804584038346269203}
  m_Father: {fileID: 0}
  m_RootOrder: 0
  m_LocalEulerAnglesHint: {x: 0, y: 0, z: 0}
--- !u!65 &3928152597773391637
BoxCollider:
  m_ObjectHideFlags: 0
  m_CorrespondingSourceObject: {fileID: 0}
  m_PrefabInstance: {fileID: 0}
  m_PrefabAsset: {fileID: 0}
  m_GameObject: {fileID: 3928152597773391634}
  m_Material: {fileID: 0}
  m_IsTrigger: 1
  m_Enabled: 1
  serializedVersion: 2
  m_Size: {x: 3.3249283, y: 1.7703943, z: 5.8127384}
  m_Center: {x: -0.4316635, y: -1.053761, z: -2.4063692}
--- !u!114 &3928152597773391636
MonoBehaviour:
  m_ObjectHideFlags: 0
  m_CorrespondingSourceObject: {fileID: 0}
  m_PrefabInstance: {fileID: 0}
  m_PrefabAsset: {fileID: 0}
  m_GameObject: {fileID: 3928152597773391634}
  m_Enabled: 1
  m_EditorHideFlags: 0
  m_Script: {fileID: 11500000, guid: 98d624145e7663449af9188aa921255f, type: 3}
  m_Name: 
  m_EditorClassIdentifier: 
  OnTriggerEnterCB:
    m_PersistentCalls:
      m_Calls:
      - m_Target: {fileID: 3928152597194960151}
        m_MethodName: Activate
        m_Mode: 1
        m_Arguments:
          m_ObjectArgument: {fileID: 0}
          m_ObjectArgumentAssemblyTypeName: UnityEngine.Object, UnityEngine
          m_IntArgument: 0
          m_FloatArgument: 0
          m_StringArgument: 
          m_BoolArgument: 0
        m_CallState: 2
      - m_Target: {fileID: 0}
        m_MethodName: 
        m_Mode: 5
        m_Arguments:
          m_ObjectArgument: {fileID: 0}
          m_ObjectArgumentAssemblyTypeName: UnityEngine.Object, UnityEngine
          m_IntArgument: 0
          m_FloatArgument: 0
          m_StringArgument: MissionComplete_Text
          m_BoolArgument: 0
        m_CallState: 2
    m_TypeName: UnityEngine.Events.UnityEvent, UnityEngine.CoreModule, Version=0.0.0.0,
      Culture=neutral, PublicKeyToken=null
  OnTriggerStayCB:
    m_PersistentCalls:
      m_Calls: []
    m_TypeName: UnityEngine.Events.UnityEvent, UnityEngine.CoreModule, Version=0.0.0.0,
      Culture=neutral, PublicKeyToken=null
  OnTriggerExitCB:
    m_PersistentCalls:
      m_Calls:
      - m_Target: {fileID: 3928152597194960151}
        m_MethodName: Deactivate
        m_Mode: 1
        m_Arguments:
          m_ObjectArgument: {fileID: 0}
          m_ObjectArgumentAssemblyTypeName: UnityEngine.Object, UnityEngine
          m_IntArgument: 0
          m_FloatArgument: 0
          m_StringArgument: 
          m_BoolArgument: 0
        m_CallState: 2
    m_TypeName: UnityEngine.Events.UnityEvent, UnityEngine.CoreModule, Version=0.0.0.0,
      Culture=neutral, PublicKeyToken=null
  playerType: 1
  otherObj: {fileID: 0}
--- !u!95 &3928152597773391638
Animator:
  serializedVersion: 3
  m_ObjectHideFlags: 0
  m_CorrespondingSourceObject: {fileID: 0}
  m_PrefabInstance: {fileID: 0}
  m_PrefabAsset: {fileID: 0}
  m_GameObject: {fileID: 3928152597773391634}
  m_Enabled: 1
  m_Avatar: {fileID: 0}
  m_Controller: {fileID: 9100000, guid: 6f2ee9b0b86632f4cab24855b6e534ed, type: 2}
  m_CullingMode: 0
  m_UpdateMode: 0
  m_ApplyRootMotion: 0
  m_LinearVelocityBlending: 0
  m_WarningMessage: 
  m_HasTransformHierarchy: 1
  m_AllowConstantClipSamplingOptimization: 1
  m_KeepAnimatorControllerStateOnDisable: 0
--- !u!1 &3928152598249498653
GameObject:
  m_ObjectHideFlags: 0
  m_CorrespondingSourceObject: {fileID: 0}
  m_PrefabInstance: {fileID: 0}
  m_PrefabAsset: {fileID: 0}
  serializedVersion: 6
  m_Component:
  - component: {fileID: 3928152598249498654}
  - component: {fileID: 3928152598249498655}
  m_Layer: 0
  m_Name: New Sprite
  m_TagString: Untagged
  m_Icon: {fileID: 0}
  m_NavMeshLayer: 0
  m_StaticEditorFlags: 0
  m_IsActive: 1
--- !u!4 &3928152598249498654
Transform:
  m_ObjectHideFlags: 0
  m_CorrespondingSourceObject: {fileID: 0}
  m_PrefabInstance: {fileID: 0}
  m_PrefabAsset: {fileID: 0}
  m_GameObject: {fileID: 3928152598249498653}
  m_LocalRotation: {x: 0.49999994, y: -0.5000001, z: 0.4999998, w: 0.50000024}
  m_LocalPosition: {x: -0.58030796, y: -1.522475, z: 0.54935646}
  m_LocalScale: {x: 0.08505726, y: 0.0850572, z: 0.08505726}
  m_Children: []
  m_Father: {fileID: 3928152597773391635}
  m_RootOrder: 1
  m_LocalEulerAnglesHint: {x: 90.00001, y: 0, z: 90.00001}
--- !u!212 &3928152598249498655
SpriteRenderer:
  m_ObjectHideFlags: 0
  m_CorrespondingSourceObject: {fileID: 0}
  m_PrefabInstance: {fileID: 0}
  m_PrefabAsset: {fileID: 0}
  m_GameObject: {fileID: 3928152598249498653}
  m_Enabled: 0
  m_CastShadows: 0
  m_ReceiveShadows: 0
  m_DynamicOccludee: 1
  m_MotionVectors: 1
  m_LightProbeUsage: 1
  m_ReflectionProbeUsage: 1
  m_RenderingLayerMask: 1
  m_RendererPriority: 0
  m_Materials:
  - {fileID: 10754, guid: 0000000000000000f000000000000000, type: 0}
  m_StaticBatchInfo:
    firstSubMesh: 0
    subMeshCount: 0
  m_StaticBatchRoot: {fileID: 0}
  m_ProbeAnchor: {fileID: 0}
  m_LightProbeVolumeOverride: {fileID: 0}
  m_ScaleInLightmap: 1
  m_PreserveUVs: 0
  m_IgnoreNormalsForChartDetection: 0
  m_ImportantGI: 0
  m_StitchLightmapSeams: 1
  m_SelectedEditorRenderState: 0
  m_MinimumChartSize: 4
  m_AutoUVMaxDistance: 0.5
  m_AutoUVMaxAngle: 89
  m_LightmapParameters: {fileID: 0}
  m_SortingLayerID: 0
  m_SortingLayer: 0
  m_SortingOrder: 0
  m_Sprite: {fileID: 21300000, guid: c36b04d8730f92347978c00a2ce6022f, type: 3}
  m_Color: {r: 1, g: 1, b: 1, a: 1}
  m_FlipX: 0
  m_FlipY: 0
  m_DrawMode: 0
  m_Size: {x: 10.24, y: 10.24}
  m_AdaptiveModeThreshold: 0.5
  m_SpriteTileMode: 0
  m_WasSpriteAssigned: 1
  m_MaskInteraction: 0
  m_SpriteSortPoint: 0
--- !u!1 &3928152598472050932
GameObject:
  m_ObjectHideFlags: 0
  m_CorrespondingSourceObject: {fileID: 0}
  m_PrefabInstance: {fileID: 0}
  m_PrefabAsset: {fileID: 0}
  serializedVersion: 6
  m_Component:
  - component: {fileID: 3928152598472050933}
  - component: {fileID: 3928152598472050934}
  m_Layer: 0
  m_Name: Point Light (1)
  m_TagString: Untagged
  m_Icon: {fileID: 0}
  m_NavMeshLayer: 0
  m_StaticEditorFlags: 0
  m_IsActive: 1
--- !u!4 &3928152598472050933
Transform:
  m_ObjectHideFlags: 0
  m_CorrespondingSourceObject: {fileID: 0}
  m_PrefabInstance: {fileID: 0}
  m_PrefabAsset: {fileID: 0}
  m_GameObject: {fileID: 3928152598472050932}
  m_LocalRotation: {x: -0, y: -0, z: 0.3451541, w: 0.93854606}
  m_LocalPosition: {x: 0.33740258, y: 0.55872077, z: 0.034000397}
  m_LocalScale: {x: 1, y: 1, z: 1}
  m_Children: []
  m_Father: {fileID: 8356760297859350256}
  m_RootOrder: 1
  m_LocalEulerAnglesHint: {x: 0, y: 0, z: 0}
--- !u!108 &3928152598472050934
Light:
  m_ObjectHideFlags: 0
  m_CorrespondingSourceObject: {fileID: 0}
  m_PrefabInstance: {fileID: 0}
  m_PrefabAsset: {fileID: 0}
  m_GameObject: {fileID: 3928152598472050932}
  m_Enabled: 1
  serializedVersion: 9
  m_Type: 2
  m_Color: {r: 1, g: 1, b: 1, a: 1}
  m_Intensity: 0.56
  m_Range: 4.13
  m_SpotAngle: 30
  m_InnerSpotAngle: 21.80208
  m_CookieSize: 10
  m_Shadows:
    m_Type: 0
    m_Resolution: -1
    m_CustomResolution: -1
    m_Strength: 1
    m_Bias: 0.05
    m_NormalBias: 0.4
    m_NearPlane: 0.2
    m_CullingMatrixOverride:
      e00: 1
      e01: 0
      e02: 0
      e03: 0
      e10: 0
      e11: 1
      e12: 0
      e13: 0
      e20: 0
      e21: 0
      e22: 1
      e23: 0
      e30: 0
      e31: 0
      e32: 0
      e33: 1
    m_UseCullingMatrixOverride: 0
  m_Cookie: {fileID: 0}
  m_DrawHalo: 0
  m_Flare: {fileID: 0}
  m_RenderMode: 0
  m_CullingMask:
    serializedVersion: 2
    m_Bits: 4294967295
  m_RenderingLayerMask: 1
  m_Lightmapping: 4
  m_LightShadowCasterMode: 0
  m_AreaSize: {x: 1, y: 1}
  m_BounceIntensity: 1
  m_ColorTemperature: 6570
  m_UseColorTemperature: 0
  m_BoundingSphereOverride: {x: 0, y: 0, z: 0, w: 0}
  m_UseBoundingSphereOverride: 0
  m_ShadowRadius: 0
  m_ShadowAngle: 0
--- !u!1 &3928152598599391841
GameObject:
  m_ObjectHideFlags: 0
  m_CorrespondingSourceObject: {fileID: 0}
  m_PrefabInstance: {fileID: 0}
  m_PrefabAsset: {fileID: 0}
  serializedVersion: 6
  m_Component:
  - component: {fileID: 3928152598599391842}
  - component: {fileID: 3928152598599391843}
  m_Layer: 0
  m_Name: New Sprite (1)
  m_TagString: Untagged
  m_Icon: {fileID: 0}
  m_NavMeshLayer: 0
  m_StaticEditorFlags: 0
  m_IsActive: 1
--- !u!4 &3928152598599391842
Transform:
  m_ObjectHideFlags: 0
  m_CorrespondingSourceObject: {fileID: 0}
  m_PrefabInstance: {fileID: 0}
  m_PrefabAsset: {fileID: 0}
  m_GameObject: {fileID: 3928152598599391841}
  m_LocalRotation: {x: 0.49999994, y: -0.50000006, z: 0.4999998, w: 0.50000024}
  m_LocalPosition: {x: -0.57250977, y: -1.480886, z: -0.44487953}
  m_LocalScale: {x: 0.08258136, y: 0.08258136, z: 0.08258136}
  m_Children: []
  m_Father: {fileID: 3928152597773391635}
  m_RootOrder: 0
  m_LocalEulerAnglesHint: {x: 90.00001, y: 0, z: 90.00001}
--- !u!212 &3928152598599391843
SpriteRenderer:
  m_ObjectHideFlags: 0
  m_CorrespondingSourceObject: {fileID: 0}
  m_PrefabInstance: {fileID: 0}
  m_PrefabAsset: {fileID: 0}
  m_GameObject: {fileID: 3928152598599391841}
  m_Enabled: 0
  m_CastShadows: 0
  m_ReceiveShadows: 0
  m_DynamicOccludee: 1
  m_MotionVectors: 1
  m_LightProbeUsage: 1
  m_ReflectionProbeUsage: 1
  m_RenderingLayerMask: 1
  m_RendererPriority: 0
  m_Materials:
  - {fileID: 10754, guid: 0000000000000000f000000000000000, type: 0}
  m_StaticBatchInfo:
    firstSubMesh: 0
    subMeshCount: 0
  m_StaticBatchRoot: {fileID: 0}
  m_ProbeAnchor: {fileID: 0}
  m_LightProbeVolumeOverride: {fileID: 0}
  m_ScaleInLightmap: 1
  m_PreserveUVs: 0
  m_IgnoreNormalsForChartDetection: 0
  m_ImportantGI: 0
  m_StitchLightmapSeams: 1
  m_SelectedEditorRenderState: 0
  m_MinimumChartSize: 4
  m_AutoUVMaxDistance: 0.5
  m_AutoUVMaxAngle: 89
  m_LightmapParameters: {fileID: 0}
  m_SortingLayerID: 0
  m_SortingLayer: 0
  m_SortingOrder: 0
  m_Sprite: {fileID: 21300000, guid: 88a0cb182f2189f4989f34926b4d821a, type: 3}
  m_Color: {r: 1, g: 1, b: 1, a: 1}
  m_FlipX: 0
  m_FlipY: 0
  m_DrawMode: 0
  m_Size: {x: 10.24, y: 10.24}
  m_AdaptiveModeThreshold: 0.5
  m_SpriteTileMode: 0
  m_WasSpriteAssigned: 1
  m_MaskInteraction: 0
  m_SpriteSortPoint: 0
--- !u!65 &3928152598910646513
BoxCollider:
  m_ObjectHideFlags: 0
  m_CorrespondingSourceObject: {fileID: 0}
  m_PrefabInstance: {fileID: 0}
  m_PrefabAsset: {fileID: 0}
  m_GameObject: {fileID: 5017701508673211619}
  m_Material: {fileID: 0}
  m_IsTrigger: 1
  m_Enabled: 1
  serializedVersion: 2
  m_Size: {x: 3.172174, y: 1.5904293, z: 0.9423361}
  m_Center: {x: 0.57815397, y: 0.5835126, z: -0.000000029802322}
--- !u!1001 &3928152596927731178
PrefabInstance:
  m_ObjectHideFlags: 0
  serializedVersion: 2
  m_Modification:
    m_TransformParent: {fileID: 3928152597773391635}
    m_Modifications:
    - target: {fileID: -927199367670048503, guid: 0dcde99cc2a7b144e8edfb9a071ce82a,
        type: 3}
      propertyPath: m_Name
      value: ShipPart1
      objectReference: {fileID: 0}
    - target: {fileID: -4216859302048453862, guid: 0dcde99cc2a7b144e8edfb9a071ce82a,
        type: 3}
      propertyPath: m_LocalPosition.x
      value: -1.8399048
      objectReference: {fileID: 0}
    - target: {fileID: -4216859302048453862, guid: 0dcde99cc2a7b144e8edfb9a071ce82a,
        type: 3}
      propertyPath: m_LocalPosition.y
      value: -0.93430614
      objectReference: {fileID: 0}
    - target: {fileID: -4216859302048453862, guid: 0dcde99cc2a7b144e8edfb9a071ce82a,
        type: 3}
      propertyPath: m_LocalPosition.z
      value: 0.031230927
      objectReference: {fileID: 0}
    - target: {fileID: -4216859302048453862, guid: 0dcde99cc2a7b144e8edfb9a071ce82a,
        type: 3}
      propertyPath: m_LocalRotation.x
      value: -0
      objectReference: {fileID: 0}
    - target: {fileID: -4216859302048453862, guid: 0dcde99cc2a7b144e8edfb9a071ce82a,
        type: 3}
      propertyPath: m_LocalRotation.y
      value: -0
      objectReference: {fileID: 0}
    - target: {fileID: -4216859302048453862, guid: 0dcde99cc2a7b144e8edfb9a071ce82a,
        type: 3}
      propertyPath: m_LocalRotation.z
      value: -0.3451541
      objectReference: {fileID: 0}
    - target: {fileID: -4216859302048453862, guid: 0dcde99cc2a7b144e8edfb9a071ce82a,
        type: 3}
      propertyPath: m_LocalRotation.w
      value: 0.93854606
      objectReference: {fileID: 0}
    - target: {fileID: -4216859302048453862, guid: 0dcde99cc2a7b144e8edfb9a071ce82a,
        type: 3}
      propertyPath: m_RootOrder
      value: 3
      objectReference: {fileID: 0}
    - target: {fileID: -4216859302048453862, guid: 0dcde99cc2a7b144e8edfb9a071ce82a,
        type: 3}
      propertyPath: m_LocalEulerAnglesHint.x
      value: 0
      objectReference: {fileID: 0}
    - target: {fileID: -4216859302048453862, guid: 0dcde99cc2a7b144e8edfb9a071ce82a,
        type: 3}
      propertyPath: m_LocalEulerAnglesHint.y
      value: 0
      objectReference: {fileID: 0}
    - target: {fileID: -4216859302048453862, guid: 0dcde99cc2a7b144e8edfb9a071ce82a,
        type: 3}
      propertyPath: m_LocalEulerAnglesHint.z
      value: -40.382004
      objectReference: {fileID: 0}
    - target: {fileID: -1504981713932161579, guid: 0dcde99cc2a7b144e8edfb9a071ce82a,
        type: 3}
      propertyPath: m_Materials.Array.data[0]
      value: 
      objectReference: {fileID: 2100000, guid: 8b3fd7277721df84991a6d2dd2b9b24d, type: 2}
    - target: {fileID: -1504981713932161579, guid: 0dcde99cc2a7b144e8edfb9a071ce82a,
        type: 3}
      propertyPath: m_Materials.Array.data[1]
      value: 
      objectReference: {fileID: 2100000, guid: c386e17e27e0e644d89818df76364e44, type: 2}
    - target: {fileID: -1504981713932161579, guid: 0dcde99cc2a7b144e8edfb9a071ce82a,
        type: 3}
      propertyPath: m_Materials.Array.data[2]
      value: 
      objectReference: {fileID: 2100000, guid: 1348a1bfde629dd45819cacd54dc6166, type: 2}
    - target: {fileID: -1504981713932161579, guid: 0dcde99cc2a7b144e8edfb9a071ce82a,
        type: 3}
      propertyPath: m_Materials.Array.data[3]
      value: 
      objectReference: {fileID: 2100000, guid: 3db7ebff0764f3c4fb2d567ec05314db, type: 2}
    - target: {fileID: -1504981713932161579, guid: 0dcde99cc2a7b144e8edfb9a071ce82a,
        type: 3}
      propertyPath: m_Materials.Array.data[4]
      value: 
      objectReference: {fileID: 2100000, guid: 0c34fb0a7d2d87541ad75030c5f33c55, type: 2}
    m_RemovedComponents: []
  m_SourcePrefab: {fileID: 100100000, guid: 0dcde99cc2a7b144e8edfb9a071ce82a, type: 3}
--- !u!4 &8356760297859350256 stripped
Transform:
  m_CorrespondingSourceObject: {fileID: -4216859302048453862, guid: 0dcde99cc2a7b144e8edfb9a071ce82a,
    type: 3}
  m_PrefabInstance: {fileID: 3928152596927731178}
  m_PrefabAsset: {fileID: 0}
--- !u!1 &5017701508673211619 stripped
GameObject:
  m_CorrespondingSourceObject: {fileID: -927199367670048503, guid: 0dcde99cc2a7b144e8edfb9a071ce82a,
    type: 3}
  m_PrefabInstance: {fileID: 3928152596927731178}
  m_PrefabAsset: {fileID: 0}
--- !u!1001 &3928152598438768062
PrefabInstance:
  m_ObjectHideFlags: 0
  serializedVersion: 2
  m_Modification:
    m_TransformParent: {fileID: 3928152597773391635}
    m_Modifications:
    - target: {fileID: 2426631671213167657, guid: 05070f0e950958b43aa9dc534aa3e3d9,
        type: 3}
      propertyPath: m_Name
      value: Dual_Identifier
      objectReference: {fileID: 0}
    - target: {fileID: 2426631671213167663, guid: 05070f0e950958b43aa9dc534aa3e3d9,
        type: 3}
      propertyPath: m_LocalPosition.x
      value: -1.3419056
      objectReference: {fileID: 0}
    - target: {fileID: 2426631671213167663, guid: 05070f0e950958b43aa9dc534aa3e3d9,
        type: 3}
      propertyPath: m_LocalPosition.y
      value: -1.052
      objectReference: {fileID: 0}
    - target: {fileID: 2426631671213167663, guid: 05070f0e950958b43aa9dc534aa3e3d9,
        type: 3}
      propertyPath: m_LocalPosition.z
      value: 0.01
      objectReference: {fileID: 0}
    - target: {fileID: 2426631671213167663, guid: 05070f0e950958b43aa9dc534aa3e3d9,
        type: 3}
      propertyPath: m_LocalRotation.x
      value: -0
      objectReference: {fileID: 0}
    - target: {fileID: 2426631671213167663, guid: 05070f0e950958b43aa9dc534aa3e3d9,
        type: 3}
      propertyPath: m_LocalRotation.y
      value: -0
      objectReference: {fileID: 0}
    - target: {fileID: 2426631671213167663, guid: 05070f0e950958b43aa9dc534aa3e3d9,
        type: 3}
      propertyPath: m_LocalRotation.z
      value: -0
      objectReference: {fileID: 0}
    - target: {fileID: 2426631671213167663, guid: 05070f0e950958b43aa9dc534aa3e3d9,
        type: 3}
      propertyPath: m_LocalRotation.w
      value: 1
      objectReference: {fileID: 0}
    - target: {fileID: 2426631671213167663, guid: 05070f0e950958b43aa9dc534aa3e3d9,
        type: 3}
      propertyPath: m_RootOrder
      value: 2
      objectReference: {fileID: 0}
    - target: {fileID: 2426631671213167663, guid: 05070f0e950958b43aa9dc534aa3e3d9,
        type: 3}
      propertyPath: m_LocalEulerAnglesHint.x
      value: 0
      objectReference: {fileID: 0}
    - target: {fileID: 2426631671213167663, guid: 05070f0e950958b43aa9dc534aa3e3d9,
        type: 3}
      propertyPath: m_LocalEulerAnglesHint.y
      value: 0
      objectReference: {fileID: 0}
    - target: {fileID: 2426631671213167663, guid: 05070f0e950958b43aa9dc534aa3e3d9,
        type: 3}
      propertyPath: m_LocalEulerAnglesHint.z
      value: 0
      objectReference: {fileID: 0}
    - target: {fileID: 2426631671213167663, guid: 05070f0e950958b43aa9dc534aa3e3d9,
        type: 3}
      propertyPath: m_LocalScale.x
      value: 1.2996547
      objectReference: {fileID: 0}
    - target: {fileID: 2426631671213167663, guid: 05070f0e950958b43aa9dc534aa3e3d9,
        type: 3}
      propertyPath: m_LocalScale.y
      value: 1.2996547
      objectReference: {fileID: 0}
    - target: {fileID: 2426631671213167663, guid: 05070f0e950958b43aa9dc534aa3e3d9,
        type: 3}
      propertyPath: m_LocalScale.z
      value: 1.2996547
      objectReference: {fileID: 0}
    - target: {fileID: 2426631671502897058, guid: 05070f0e950958b43aa9dc534aa3e3d9,
        type: 3}
      propertyPath: m_LocalScale.x
      value: 0
      objectReference: {fileID: 0}
    - target: {fileID: 2426631671502897058, guid: 05070f0e950958b43aa9dc534aa3e3d9,
        type: 3}
      propertyPath: m_LocalScale.z
      value: 0
      objectReference: {fileID: 0}
    - target: {fileID: 2426631671502897059, guid: 05070f0e950958b43aa9dc534aa3e3d9,
        type: 3}
      propertyPath: m_Controller
      value: 
      objectReference: {fileID: 22100000, guid: 3f010f91f59da2341bfc6127642e6dc8,
        type: 2}
    - target: {fileID: 2426631671213167658, guid: 05070f0e950958b43aa9dc534aa3e3d9,
        type: 3}
      propertyPath: m_Size.x
      value: 2.434764
      objectReference: {fileID: 0}
    - target: {fileID: 2426631671213167658, guid: 05070f0e950958b43aa9dc534aa3e3d9,
        type: 3}
      propertyPath: m_Size.z
      value: 1.9752934
      objectReference: {fileID: 0}
    - target: {fileID: 2426631671213167658, guid: 05070f0e950958b43aa9dc534aa3e3d9,
        type: 3}
      propertyPath: m_Center.x
      value: 0.2159074
      objectReference: {fileID: 0}
    - target: {fileID: 2426631671213167658, guid: 05070f0e950958b43aa9dc534aa3e3d9,
        type: 3}
      propertyPath: m_Center.z
      value: 0.07848027
      objectReference: {fileID: 0}
    - target: {fileID: 2426631671213167656, guid: 05070f0e950958b43aa9dc534aa3e3d9,
        type: 3}
      propertyPath: OnTriggerEnterCB.m_PersistentCalls.m_Calls.Array.size
      value: 2
      objectReference: {fileID: 0}
    - target: {fileID: 2426631671213167656, guid: 05070f0e950958b43aa9dc534aa3e3d9,
        type: 3}
      propertyPath: OnTriggerExitCB.m_PersistentCalls.m_Calls.Array.size
      value: 2
      objectReference: {fileID: 0}
    - target: {fileID: 2426631671213167656, guid: 05070f0e950958b43aa9dc534aa3e3d9,
        type: 3}
      propertyPath: OnTriggerEnterCB.m_PersistentCalls.m_Calls.Array.data[0].m_Target
      value: 
      objectReference: {fileID: 3928152598249498655}
    - target: {fileID: 2426631671213167656, guid: 05070f0e950958b43aa9dc534aa3e3d9,
        type: 3}
      propertyPath: OnTriggerEnterCB.m_PersistentCalls.m_Calls.Array.data[0].m_MethodName
      value: set_enabled
      objectReference: {fileID: 0}
    - target: {fileID: 2426631671213167656, guid: 05070f0e950958b43aa9dc534aa3e3d9,
        type: 3}
      propertyPath: OnTriggerEnterCB.m_PersistentCalls.m_Calls.Array.data[0].m_Mode
      value: 6
      objectReference: {fileID: 0}
    - target: {fileID: 2426631671213167656, guid: 05070f0e950958b43aa9dc534aa3e3d9,
        type: 3}
      propertyPath: OnTriggerEnterCB.m_PersistentCalls.m_Calls.Array.data[0].m_Arguments.m_ObjectArgumentAssemblyTypeName
      value: UnityEngine.Object, UnityEngine
      objectReference: {fileID: 0}
    - target: {fileID: 2426631671213167656, guid: 05070f0e950958b43aa9dc534aa3e3d9,
        type: 3}
      propertyPath: OnTriggerEnterCB.m_PersistentCalls.m_Calls.Array.data[0].m_CallState
      value: 2
      objectReference: {fileID: 0}
    - target: {fileID: 2426631671213167656, guid: 05070f0e950958b43aa9dc534aa3e3d9,
        type: 3}
      propertyPath: OnTriggerEnterCB.m_PersistentCalls.m_Calls.Array.data[1].m_Target
      value: 
      objectReference: {fileID: 3928152598599391843}
    - target: {fileID: 2426631671213167656, guid: 05070f0e950958b43aa9dc534aa3e3d9,
        type: 3}
      propertyPath: OnTriggerEnterCB.m_PersistentCalls.m_Calls.Array.data[1].m_MethodName
      value: set_enabled
      objectReference: {fileID: 0}
    - target: {fileID: 2426631671213167656, guid: 05070f0e950958b43aa9dc534aa3e3d9,
        type: 3}
      propertyPath: OnTriggerEnterCB.m_PersistentCalls.m_Calls.Array.data[1].m_Mode
      value: 6
      objectReference: {fileID: 0}
    - target: {fileID: 2426631671213167656, guid: 05070f0e950958b43aa9dc534aa3e3d9,
        type: 3}
      propertyPath: OnTriggerEnterCB.m_PersistentCalls.m_Calls.Array.data[1].m_Arguments.m_ObjectArgumentAssemblyTypeName
      value: UnityEngine.Object, UnityEngine
      objectReference: {fileID: 0}
    - target: {fileID: 2426631671213167656, guid: 05070f0e950958b43aa9dc534aa3e3d9,
        type: 3}
      propertyPath: OnTriggerEnterCB.m_PersistentCalls.m_Calls.Array.data[1].m_CallState
      value: 2
      objectReference: {fileID: 0}
    - target: {fileID: 2426631671213167656, guid: 05070f0e950958b43aa9dc534aa3e3d9,
        type: 3}
      propertyPath: OnTriggerExitCB.m_PersistentCalls.m_Calls.Array.data[0].m_Target
      value: 
      objectReference: {fileID: 3928152598249498655}
    - target: {fileID: 2426631671213167656, guid: 05070f0e950958b43aa9dc534aa3e3d9,
        type: 3}
      propertyPath: OnTriggerExitCB.m_PersistentCalls.m_Calls.Array.data[0].m_MethodName
      value: set_enabled
      objectReference: {fileID: 0}
    - target: {fileID: 2426631671213167656, guid: 05070f0e950958b43aa9dc534aa3e3d9,
        type: 3}
      propertyPath: OnTriggerExitCB.m_PersistentCalls.m_Calls.Array.data[0].m_Mode
      value: 6
      objectReference: {fileID: 0}
    - target: {fileID: 2426631671213167656, guid: 05070f0e950958b43aa9dc534aa3e3d9,
        type: 3}
      propertyPath: OnTriggerExitCB.m_PersistentCalls.m_Calls.Array.data[0].m_Arguments.m_ObjectArgumentAssemblyTypeName
      value: UnityEngine.Object, UnityEngine
      objectReference: {fileID: 0}
    - target: {fileID: 2426631671213167656, guid: 05070f0e950958b43aa9dc534aa3e3d9,
        type: 3}
      propertyPath: OnTriggerExitCB.m_PersistentCalls.m_Calls.Array.data[0].m_CallState
      value: 2
      objectReference: {fileID: 0}
    - target: {fileID: 2426631671213167656, guid: 05070f0e950958b43aa9dc534aa3e3d9,
        type: 3}
      propertyPath: OnTriggerExitCB.m_PersistentCalls.m_Calls.Array.data[1].m_Target
      value: 
      objectReference: {fileID: 3928152598599391843}
    - target: {fileID: 2426631671213167656, guid: 05070f0e950958b43aa9dc534aa3e3d9,
        type: 3}
      propertyPath: OnTriggerExitCB.m_PersistentCalls.m_Calls.Array.data[1].m_MethodName
      value: set_enabled
      objectReference: {fileID: 0}
    - target: {fileID: 2426631671213167656, guid: 05070f0e950958b43aa9dc534aa3e3d9,
        type: 3}
      propertyPath: OnTriggerExitCB.m_PersistentCalls.m_Calls.Array.data[1].m_Mode
      value: 6
      objectReference: {fileID: 0}
    - target: {fileID: 2426631671213167656, guid: 05070f0e950958b43aa9dc534aa3e3d9,
        type: 3}
      propertyPath: OnTriggerExitCB.m_PersistentCalls.m_Calls.Array.data[1].m_Arguments.m_ObjectArgumentAssemblyTypeName
      value: UnityEngine.Object, UnityEngine
      objectReference: {fileID: 0}
    - target: {fileID: 2426631671213167656, guid: 05070f0e950958b43aa9dc534aa3e3d9,
        type: 3}
      propertyPath: OnTriggerExitCB.m_PersistentCalls.m_Calls.Array.data[1].m_CallState
      value: 2
      objectReference: {fileID: 0}
    - target: {fileID: 2426631670879346333, guid: 05070f0e950958b43aa9dc534aa3e3d9,
        type: 3}
      propertyPath: m_Mesh
      value: 
      objectReference: {fileID: 0}
    - target: {fileID: 2426631670879346328, guid: 05070f0e950958b43aa9dc534aa3e3d9,
        type: 3}
      propertyPath: m_Mesh
      value: 
      objectReference: {fileID: 0}
    - target: {fileID: 2426631670160390148, guid: 05070f0e950958b43aa9dc534aa3e3d9,
        type: 3}
      propertyPath: m_Mesh
      value: 
      objectReference: {fileID: 0}
    - target: {fileID: 2426631670160390147, guid: 05070f0e950958b43aa9dc534aa3e3d9,
        type: 3}
      propertyPath: m_Mesh
      value: 
      objectReference: {fileID: 0}
    - target: {fileID: 1296808154584615668, guid: 05070f0e950958b43aa9dc534aa3e3d9,
        type: 3}
      propertyPath: m_Mesh
      value: 
      objectReference: {fileID: 0}
    - target: {fileID: 1259268731209334693, guid: 05070f0e950958b43aa9dc534aa3e3d9,
        type: 3}
      propertyPath: m_Materials.Array.data[0]
      value: 
      objectReference: {fileID: 0}
    - target: {fileID: 1990747342967958882, guid: 05070f0e950958b43aa9dc534aa3e3d9,
        type: 3}
      propertyPath: m_projectionMatrixMode
      value: 1
      objectReference: {fileID: 0}
    m_RemovedComponents: []
  m_SourcePrefab: {fileID: 100100000, guid: 05070f0e950958b43aa9dc534aa3e3d9, type: 3}
--- !u!1 &1670476317157233182 stripped
GameObject:
  m_CorrespondingSourceObject: {fileID: 2426631671502897056, guid: 05070f0e950958b43aa9dc534aa3e3d9,
    type: 3}
  m_PrefabInstance: {fileID: 3928152598438768062}
  m_PrefabAsset: {fileID: 0}
--- !u!4 &1670476317497751953 stripped
Transform:
  m_CorrespondingSourceObject: {fileID: 2426631671213167663, guid: 05070f0e950958b43aa9dc534aa3e3d9,
    type: 3}
  m_PrefabInstance: {fileID: 3928152598438768062}
  m_PrefabAsset: {fileID: 0}
