%YAML 1.1
%TAG !u! tag:unity3d.com,2011:
--- !u!1 &3310965564756823136
GameObject:
  m_ObjectHideFlags: 0
  m_CorrespondingSourceObject: {fileID: 0}
  m_PrefabInstance: {fileID: 0}
  m_PrefabAsset: {fileID: 0}
  serializedVersion: 6
  m_Component:
  - component: {fileID: 1993318354050842227}
  - component: {fileID: 7418192491171038277}
  - component: {fileID: 3877106351061842108}
  - component: {fileID: 6832810238860514674}
  - component: {fileID: 6832810238860514669}
  - component: {fileID: 6832810238860514668}
  - component: {fileID: 6832810238860514671}
  - component: {fileID: 6832810238860514672}
  - component: {fileID: 6832810238860514675}
  m_Layer: 0
  m_Name: TempleBridgeSmallThin 1
  m_TagString: Untagged
  m_Icon: {fileID: 0}
  m_NavMeshLayer: 0
  m_StaticEditorFlags: 0
  m_IsActive: 1
--- !u!4 &1993318354050842227
Transform:
  m_ObjectHideFlags: 0
  m_CorrespondingSourceObject: {fileID: 0}
  m_PrefabInstance: {fileID: 0}
  m_PrefabAsset: {fileID: 0}
  m_GameObject: {fileID: 3310965564756823136}
  m_LocalRotation: {x: 0, y: -0, z: -0, w: 1}
  m_LocalPosition: {x: 123.6, y: 6.766, z: 82.6}
  m_LocalScale: {x: 1, y: 1, z: 1}
  m_Children: []
  m_Father: {fileID: 0}
  m_RootOrder: 0
  m_LocalEulerAnglesHint: {x: 0, y: 0, z: 0}
--- !u!33 &7418192491171038277
MeshFilter:
  m_ObjectHideFlags: 0
  m_CorrespondingSourceObject: {fileID: 0}
  m_PrefabInstance: {fileID: 0}
  m_PrefabAsset: {fileID: 0}
  m_GameObject: {fileID: 3310965564756823136}
  m_Mesh: {fileID: 8539123777558279933, guid: 8c375889ffc94234e8e610b6501dd374, type: 3}
--- !u!23 &3877106351061842108
MeshRenderer:
  m_ObjectHideFlags: 0
  m_CorrespondingSourceObject: {fileID: 0}
  m_PrefabInstance: {fileID: 0}
  m_PrefabAsset: {fileID: 0}
  m_GameObject: {fileID: 3310965564756823136}
  m_Enabled: 1
  m_CastShadows: 1
  m_ReceiveShadows: 1
  m_DynamicOccludee: 1
  m_MotionVectors: 1
  m_LightProbeUsage: 1
  m_ReflectionProbeUsage: 1
  m_RenderingLayerMask: 1
  m_RendererPriority: 0
  m_Materials:
  - {fileID: 5561349426305759274, guid: 8c375889ffc94234e8e610b6501dd374, type: 3}
  - {fileID: 546071015261316006, guid: 8c375889ffc94234e8e610b6501dd374, type: 3}
  - {fileID: 4625029334336817969, guid: 8c375889ffc94234e8e610b6501dd374, type: 3}
  - {fileID: 8778412184559472700, guid: 8c375889ffc94234e8e610b6501dd374, type: 3}
  m_StaticBatchInfo:
    firstSubMesh: 0
    subMeshCount: 0
  m_StaticBatchRoot: {fileID: 0}
  m_ProbeAnchor: {fileID: 0}
  m_LightProbeVolumeOverride: {fileID: 0}
  m_ScaleInLightmap: 1
  m_PreserveUVs: 0
  m_IgnoreNormalsForChartDetection: 0
  m_ImportantGI: 0
  m_StitchLightmapSeams: 1
  m_SelectedEditorRenderState: 3
  m_MinimumChartSize: 4
  m_AutoUVMaxDistance: 0.5
  m_AutoUVMaxAngle: 89
  m_LightmapParameters: {fileID: 0}
  m_SortingLayerID: 0
  m_SortingLayer: 0
  m_SortingOrder: 0
--- !u!65 &6832810238860514674
BoxCollider:
  m_ObjectHideFlags: 0
  m_CorrespondingSourceObject: {fileID: 0}
  m_PrefabInstance: {fileID: 0}
  m_PrefabAsset: {fileID: 0}
  m_GameObject: {fileID: 3310965564756823136}
  m_Material: {fileID: 0}
  m_IsTrigger: 0
  m_Enabled: 1
  serializedVersion: 2
  m_Size: {x: 1.8845158, y: 0.44603443, z: 7.2787123}
  m_Center: {x: 0.00000071525574, y: 1.5093064, z: 0.00000071525574}
--- !u!65 &6832810238860514669
BoxCollider:
  m_ObjectHideFlags: 0
  m_CorrespondingSourceObject: {fileID: 0}
  m_PrefabInstance: {fileID: 0}
  m_PrefabAsset: {fileID: 0}
  m_GameObject: {fileID: 3310965564756823136}
  m_Material: {fileID: 0}
  m_IsTrigger: 0
  m_Enabled: 1
  serializedVersion: 2
  m_Size: {x: 0.2357676, y: 0.49330807, z: 7.2787123}
  m_Center: {x: -0.82437336, y: 1.9651599, z: 0.00000071525574}
--- !u!65 &6832810238860514668
BoxCollider:
  m_ObjectHideFlags: 0
  m_CorrespondingSourceObject: {fileID: 0}
  m_PrefabInstance: {fileID: 0}
  m_PrefabAsset: {fileID: 0}
  m_GameObject: {fileID: 3310965564756823136}
  m_Material: {fileID: 0}
  m_IsTrigger: 0
  m_Enabled: 1
  serializedVersion: 2
  m_Size: {x: 0.20887756, y: 0.49330807, z: 7.2787123}
  m_Center: {x: 0.8327942, y: 1.9651599, z: 0.00000071525574}
--- !u!65 &6832810238860514671
BoxCollider:
  m_ObjectHideFlags: 0
  m_CorrespondingSourceObject: {fileID: 0}
  m_PrefabInstance: {fileID: 0}
  m_PrefabAsset: {fileID: 0}
  m_GameObject: {fileID: 3310965564756823136}
  m_Material: {fileID: 0}
  m_IsTrigger: 0
  m_Enabled: 1
  serializedVersion: 2
  m_Size: {x: 0.81477356, y: 3.866722, z: 0.8087616}
  m_Center: {x: -0.023284912, y: -0.6114702, z: 2.214157}
--- !u!65 &6832810238860514672
BoxCollider:
  m_ObjectHideFlags: 0
  m_CorrespondingSourceObject: {fileID: 0}
  m_PrefabInstance: {fileID: 0}
  m_PrefabAsset: {fileID: 0}
  m_GameObject: {fileID: 3310965564756823136}
  m_Material: {fileID: 0}
  m_IsTrigger: 0
  m_Enabled: 1
  serializedVersion: 2
  m_Size: {x: 0.81477356, y: 3.866722, z: 0.78582764}
  m_Center: {x: -0.023284912, y: -0.6114702, z: 0.10473633}
--- !u!65 &6832810238860514675
BoxCollider:
  m_ObjectHideFlags: 0
  m_CorrespondingSourceObject: {fileID: 0}
  m_PrefabInstance: {fileID: 0}
  m_PrefabAsset: {fileID: 0}
  m_GameObject: {fileID: 3310965564756823136}
  m_Material: {fileID: 0}
  m_IsTrigger: 0
  m_Enabled: 1
  serializedVersion: 2
  m_Size: {x: 0.81477356, y: 3.866722, z: 0.82533264}
  m_Center: {x: -0.023284912, y: -0.6114702, z: -2.14859}
