%YAML 1.1
%TAG !u! tag:unity3d.com,2011:
--- !u!1 &1579669145906721036
GameObject:
  m_ObjectHideFlags: 0
  m_CorrespondingSourceObject: {fileID: 0}
  m_PrefabInstance: {fileID: 0}
  m_PrefabAsset: {fileID: 0}
  serializedVersion: 6
  m_Component:
  - component: {fileID: 1579669147966253657}
  - component: {fileID: 1579669145906721024}
  - component: {fileID: 1579669145906721039}
  - component: {fileID: 1579669145906721038}
  - component: {fileID: 1579669145906721037}
  m_Layer: 8
  m_Name: MovableFloor_Vertical_Large
  m_TagString: Pushable
  m_Icon: {fileID: 0}
  m_NavMeshLayer: 1
  m_StaticEditorFlags: 8
  m_IsActive: 1
--- !u!4 &1579669147966253657
Transform:
  m_ObjectHideFlags: 0
  m_CorrespondingSourceObject: {fileID: 0}
  m_PrefabInstance: {fileID: 0}
  m_PrefabAsset: {fileID: 0}
  m_GameObject: {fileID: 1579669145906721036}
  m_LocalRotation: {x: -0, y: -0, z: -0, w: 1}
  m_LocalPosition: {x: -0.49900007, y: -57.9075, z: 0.50700045}
  m_LocalScale: {x: 1, y: 14.608351, z: 1}
  m_Children: []
  m_Father: {fileID: 1750050706500551444}
  m_RootOrder: 0
  m_LocalEulerAnglesHint: {x: 0, y: 0, z: 0}
--- !u!33 &1579669145906721024
MeshFilter:
  m_ObjectHideFlags: 0
  m_CorrespondingSourceObject: {fileID: 0}
  m_PrefabInstance: {fileID: 0}
  m_PrefabAsset: {fileID: 0}
  m_GameObject: {fileID: 1579669145906721036}
  m_Mesh: {fileID: 0}
--- !u!23 &1579669145906721039
MeshRenderer:
  m_ObjectHideFlags: 0
  m_CorrespondingSourceObject: {fileID: 0}
  m_PrefabInstance: {fileID: 0}
  m_PrefabAsset: {fileID: 0}
  m_GameObject: {fileID: 1579669145906721036}
  m_Enabled: 1
  m_CastShadows: 1
  m_ReceiveShadows: 1
  m_DynamicOccludee: 1
  m_MotionVectors: 1
  m_LightProbeUsage: 1
  m_ReflectionProbeUsage: 1
  m_RenderingLayerMask: 1
  m_RendererPriority: 0
  m_Materials:
  - {fileID: 2100000, guid: c22777d6e868e4f2fb421913386b154e, type: 2}
  m_StaticBatchInfo:
    firstSubMesh: 0
    subMeshCount: 0
  m_StaticBatchRoot: {fileID: 0}
  m_ProbeAnchor: {fileID: 0}
  m_LightProbeVolumeOverride: {fileID: 0}
  m_ScaleInLightmap: 1
  m_PreserveUVs: 0
  m_IgnoreNormalsForChartDetection: 0
  m_ImportantGI: 0
  m_StitchLightmapSeams: 1
  m_SelectedEditorRenderState: 2
  m_MinimumChartSize: 4
  m_AutoUVMaxDistance: 0.5
  m_AutoUVMaxAngle: 89
  m_LightmapParameters: {fileID: 0}
  m_SortingLayerID: 0
  m_SortingLayer: 0
  m_SortingOrder: 0
--- !u!114 &1579669145906721038
MonoBehaviour:
  m_ObjectHideFlags: 0
  m_CorrespondingSourceObject: {fileID: 0}
  m_PrefabInstance: {fileID: 0}
  m_PrefabAsset: {fileID: 0}
  m_GameObject: {fileID: 1579669145906721036}
  m_Enabled: 1
  m_EditorHideFlags: 0
  m_Script: {fileID: 11500000, guid: 8233d90336aea43098adf6dbabd606a2, type: 3}
  m_Name: 
  m_EditorClassIdentifier: 
  m_MeshFormatVersion: 1
  m_Faces:
  - m_Indexes: 000000000100000002000000030000000000000002000000
    m_SmoothingGroup: 0
    m_Uv:
      m_UseWorldSpace: 0
      m_FlipU: 0
      m_FlipV: 0
      m_SwapUV: 0
      m_Fill: 1
      m_Scale: {x: 1, y: 1}
      m_Offset: {x: 0, y: 0}
      m_Rotation: 0
      m_Anchor: 9
    m_Material: {fileID: 2100000, guid: c22777d6e868e4f2fb421913386b154e, type: 2}
    m_SubmeshIndex: 0
    m_ManualUV: 0
    elementGroup: 0
    m_TextureGroup: 1
  - m_Indexes: 040000000500000006000000070000000400000006000000
    m_SmoothingGroup: 0
    m_Uv:
      m_UseWorldSpace: 0
      m_FlipU: 0
      m_FlipV: 0
      m_SwapUV: 0
      m_Fill: 1
      m_Scale: {x: 1, y: 1}
      m_Offset: {x: 0, y: 0}
      m_Rotation: 0
      m_Anchor: 9
    m_Material: {fileID: 2100000, guid: c22777d6e868e4f2fb421913386b154e, type: 2}
    m_SubmeshIndex: 0
    m_ManualUV: 0
    elementGroup: 0
    m_TextureGroup: 1
  - m_Indexes: 0b00000008000000090000000a0000000b00000009000000
    m_SmoothingGroup: 0
    m_Uv:
      m_UseWorldSpace: 0
      m_FlipU: 0
      m_FlipV: 0
      m_SwapUV: 0
      m_Fill: 1
      m_Scale: {x: 1, y: 1}
      m_Offset: {x: 0, y: 0}
      m_Rotation: 0
      m_Anchor: 9
    m_Material: {fileID: 2100000, guid: c22777d6e868e4f2fb421913386b154e, type: 2}
    m_SubmeshIndex: 0
    m_ManualUV: 0
    elementGroup: 0
    m_TextureGroup: 1
  - m_Indexes: 0e0000000f0000000c0000000d0000000e0000000c000000
    m_SmoothingGroup: 0
    m_Uv:
      m_UseWorldSpace: 0
      m_FlipU: 0
      m_FlipV: 0
      m_SwapUV: 0
      m_Fill: 1
      m_Scale: {x: 1, y: 1}
      m_Offset: {x: 0, y: 0}
      m_Rotation: 0
      m_Anchor: 9
    m_Material: {fileID: 2100000, guid: c22777d6e868e4f2fb421913386b154e, type: 2}
    m_SubmeshIndex: 0
    m_ManualUV: 0
    elementGroup: 0
    m_TextureGroup: 1
  - m_Indexes: 100000001100000012000000130000001000000012000000
    m_SmoothingGroup: 0
    m_Uv:
      m_UseWorldSpace: 0
      m_FlipU: 0
      m_FlipV: 0
      m_SwapUV: 0
      m_Fill: 1
      m_Scale: {x: 1, y: 1}
      m_Offset: {x: 0, y: 0}
      m_Rotation: 0
      m_Anchor: 9
    m_Material: {fileID: 2100000, guid: c22777d6e868e4f2fb421913386b154e, type: 2}
    m_SubmeshIndex: 0
    m_ManualUV: 0
    elementGroup: 0
    m_TextureGroup: 1
  - m_Indexes: 140000001500000016000000170000001400000016000000
    m_SmoothingGroup: 0
    m_Uv:
      m_UseWorldSpace: 0
      m_FlipU: 0
      m_FlipV: 0
      m_SwapUV: 0
      m_Fill: 1
      m_Scale: {x: 1, y: 1}
      m_Offset: {x: 0, y: 0}
      m_Rotation: 0
      m_Anchor: 9
    m_Material: {fileID: 2100000, guid: c22777d6e868e4f2fb421913386b154e, type: 2}
    m_SubmeshIndex: 0
    m_ManualUV: 0
    elementGroup: 0
    m_TextureGroup: 1
  - m_Indexes: 1b00000018000000190000001a0000001b00000019000000
    m_SmoothingGroup: 0
    m_Uv:
      m_UseWorldSpace: 0
      m_FlipU: 0
      m_FlipV: 0
      m_SwapUV: 0
      m_Fill: 1
      m_Scale: {x: 1, y: 1}
      m_Offset: {x: 0, y: 0}
      m_Rotation: 0
      m_Anchor: 9
    m_Material: {fileID: 2100000, guid: c22777d6e868e4f2fb421913386b154e, type: 2}
    m_SubmeshIndex: 0
    m_ManualUV: 0
    elementGroup: 0
    m_TextureGroup: 1
  - m_Indexes: 1e0000001f0000001c0000001d0000001e0000001c000000
    m_SmoothingGroup: 0
    m_Uv:
      m_UseWorldSpace: 0
      m_FlipU: 0
      m_FlipV: 0
      m_SwapUV: 0
      m_Fill: 1
      m_Scale: {x: 1, y: 1}
      m_Offset: {x: 0, y: 0}
      m_Rotation: 0
      m_Anchor: 9
    m_Material: {fileID: 2100000, guid: c22777d6e868e4f2fb421913386b154e, type: 2}
    m_SubmeshIndex: 0
    m_ManualUV: 0
    elementGroup: 0
    m_TextureGroup: 1
  - m_Indexes: 200000002100000022000000230000002000000022000000
    m_SmoothingGroup: 0
    m_Uv:
      m_UseWorldSpace: 0
      m_FlipU: 0
      m_FlipV: 0
      m_SwapUV: 0
      m_Fill: 1
      m_Scale: {x: 1, y: 1}
      m_Offset: {x: 0, y: 0}
      m_Rotation: 0
      m_Anchor: 9
    m_Material: {fileID: 2100000, guid: c22777d6e868e4f2fb421913386b154e, type: 2}
    m_SubmeshIndex: 0
    m_ManualUV: 0
    elementGroup: 0
    m_TextureGroup: 1
  - m_Indexes: 240000002500000026000000270000002400000026000000
    m_SmoothingGroup: 0
    m_Uv:
      m_UseWorldSpace: 0
      m_FlipU: 0
      m_FlipV: 0
      m_SwapUV: 0
      m_Fill: 1
      m_Scale: {x: 1, y: 1}
      m_Offset: {x: 0, y: 0}
      m_Rotation: 0
      m_Anchor: 9
    m_Material: {fileID: 2100000, guid: c22777d6e868e4f2fb421913386b154e, type: 2}
    m_SubmeshIndex: 0
    m_ManualUV: 0
    elementGroup: 0
    m_TextureGroup: 1
  - m_Indexes: 2a0000002800000029000000
    m_SmoothingGroup: 0
    m_Uv:
      m_UseWorldSpace: 0
      m_FlipU: 0
      m_FlipV: 0
      m_SwapUV: 0
      m_Fill: 1
      m_Scale: {x: 1, y: 1}
      m_Offset: {x: 0, y: 0}
      m_Rotation: 0
      m_Anchor: 9
    m_Material: {fileID: 2100000, guid: c22777d6e868e4f2fb421913386b154e, type: 2}
    m_SubmeshIndex: 0
    m_ManualUV: 0
    elementGroup: 0
    m_TextureGroup: 1
  - m_Indexes: 2d0000002e0000002b0000002c0000002d0000002b000000
    m_SmoothingGroup: 0
    m_Uv:
      m_UseWorldSpace: 0
      m_FlipU: 0
      m_FlipV: 0
      m_SwapUV: 0
      m_Fill: 1
      m_Scale: {x: 1, y: 1}
      m_Offset: {x: 0, y: 0}
      m_Rotation: 0
      m_Anchor: 9
    m_Material: {fileID: 2100000, guid: c22777d6e868e4f2fb421913386b154e, type: 2}
    m_SubmeshIndex: 0
    m_ManualUV: 0
    elementGroup: 0
    m_TextureGroup: 1
  - m_Indexes: 2f0000003000000031000000320000002f00000031000000
    m_SmoothingGroup: 0
    m_Uv:
      m_UseWorldSpace: 0
      m_FlipU: 0
      m_FlipV: 0
      m_SwapUV: 0
      m_Fill: 1
      m_Scale: {x: 1, y: 1}
      m_Offset: {x: 0, y: 0}
      m_Rotation: 0
      m_Anchor: 9
    m_Material: {fileID: 2100000, guid: c22777d6e868e4f2fb421913386b154e, type: 2}
    m_SubmeshIndex: 0
    m_ManualUV: 0
    elementGroup: 0
    m_TextureGroup: 1
  - m_Indexes: 330000003400000035000000360000003300000035000000
    m_SmoothingGroup: 0
    m_Uv:
      m_UseWorldSpace: 0
      m_FlipU: 0
      m_FlipV: 0
      m_SwapUV: 0
      m_Fill: 1
      m_Scale: {x: 1, y: 1}
      m_Offset: {x: 0, y: 0}
      m_Rotation: 0
      m_Anchor: 9
    m_Material: {fileID: 2100000, guid: c22777d6e868e4f2fb421913386b154e, type: 2}
    m_SubmeshIndex: 0
    m_ManualUV: 0
    elementGroup: 0
    m_TextureGroup: 1
  - m_Indexes: 3a0000003700000038000000390000003a00000038000000
    m_SmoothingGroup: 0
    m_Uv:
      m_UseWorldSpace: 0
      m_FlipU: 0
      m_FlipV: 0
      m_SwapUV: 0
      m_Fill: 1
      m_Scale: {x: 1, y: 1}
      m_Offset: {x: 0, y: 0}
      m_Rotation: 0
      m_Anchor: 9
    m_Material: {fileID: 2100000, guid: c22777d6e868e4f2fb421913386b154e, type: 2}
    m_SubmeshIndex: 0
    m_ManualUV: 0
    elementGroup: 0
    m_TextureGroup: 1
  - m_Indexes: 3d0000003e0000003b0000003c0000003d0000003b000000
    m_SmoothingGroup: 0
    m_Uv:
      m_UseWorldSpace: 0
      m_FlipU: 0
      m_FlipV: 0
      m_SwapUV: 0
      m_Fill: 1
      m_Scale: {x: 1, y: 1}
      m_Offset: {x: 0, y: 0}
      m_Rotation: 0
      m_Anchor: 9
    m_Material: {fileID: 2100000, guid: c22777d6e868e4f2fb421913386b154e, type: 2}
    m_SubmeshIndex: 0
    m_ManualUV: 0
    elementGroup: 0
    m_TextureGroup: 1
  - m_Indexes: 3f0000004000000041000000420000003f00000041000000
    m_SmoothingGroup: 0
    m_Uv:
      m_UseWorldSpace: 0
      m_FlipU: 0
      m_FlipV: 0
      m_SwapUV: 0
      m_Fill: 1
      m_Scale: {x: 1, y: 1}
      m_Offset: {x: 0, y: 0}
      m_Rotation: 0
      m_Anchor: 9
    m_Material: {fileID: 2100000, guid: c22777d6e868e4f2fb421913386b154e, type: 2}
    m_SubmeshIndex: 0
    m_ManualUV: 0
    elementGroup: 0
    m_TextureGroup: 2
  - m_Indexes: 430000004400000045000000460000004300000045000000
    m_SmoothingGroup: 0
    m_Uv:
      m_UseWorldSpace: 0
      m_FlipU: 0
      m_FlipV: 0
      m_SwapUV: 0
      m_Fill: 1
      m_Scale: {x: 1, y: 1}
      m_Offset: {x: 0, y: 0}
      m_Rotation: 0
      m_Anchor: 9
    m_Material: {fileID: 2100000, guid: c22777d6e868e4f2fb421913386b154e, type: 2}
    m_SubmeshIndex: 0
    m_ManualUV: 0
    elementGroup: 0
    m_TextureGroup: 2
  - m_Indexes: 4a0000004700000048000000490000004a00000048000000
    m_SmoothingGroup: 0
    m_Uv:
      m_UseWorldSpace: 0
      m_FlipU: 0
      m_FlipV: 0
      m_SwapUV: 0
      m_Fill: 1
      m_Scale: {x: 1, y: 1}
      m_Offset: {x: 0, y: 0}
      m_Rotation: 0
      m_Anchor: 9
    m_Material: {fileID: 2100000, guid: c22777d6e868e4f2fb421913386b154e, type: 2}
    m_SubmeshIndex: 0
    m_ManualUV: 0
    elementGroup: 0
    m_TextureGroup: 2
  - m_Indexes: 4d0000004e0000004b0000004c0000004d0000004b000000
    m_SmoothingGroup: 0
    m_Uv:
      m_UseWorldSpace: 0
      m_FlipU: 0
      m_FlipV: 0
      m_SwapUV: 0
      m_Fill: 1
      m_Scale: {x: 1, y: 1}
      m_Offset: {x: 0, y: 0}
      m_Rotation: 0
      m_Anchor: 9
    m_Material: {fileID: 2100000, guid: c22777d6e868e4f2fb421913386b154e, type: 2}
    m_SubmeshIndex: 0
    m_ManualUV: 0
    elementGroup: 0
    m_TextureGroup: 2
  - m_Indexes: 4f0000005000000051000000520000004f00000051000000
    m_SmoothingGroup: 0
    m_Uv:
      m_UseWorldSpace: 0
      m_FlipU: 0
      m_FlipV: 0
      m_SwapUV: 0
      m_Fill: 1
      m_Scale: {x: 1, y: 1}
      m_Offset: {x: 0, y: 0}
      m_Rotation: 0
      m_Anchor: 9
    m_Material: {fileID: 2100000, guid: c22777d6e868e4f2fb421913386b154e, type: 2}
    m_SubmeshIndex: 0
    m_ManualUV: 0
    elementGroup: 0
    m_TextureGroup: 2
  - m_Indexes: 530000005400000055000000560000005300000055000000
    m_SmoothingGroup: 0
    m_Uv:
      m_UseWorldSpace: 0
      m_FlipU: 0
      m_FlipV: 0
      m_SwapUV: 0
      m_Fill: 1
      m_Scale: {x: 1, y: 1}
      m_Offset: {x: 0, y: 0}
      m_Rotation: 0
      m_Anchor: 9
    m_Material: {fileID: 2100000, guid: c22777d6e868e4f2fb421913386b154e, type: 2}
    m_SubmeshIndex: 0
    m_ManualUV: 0
    elementGroup: 0
    m_TextureGroup: 2
  - m_Indexes: 5a0000005700000058000000590000005a00000058000000
    m_SmoothingGroup: 0
    m_Uv:
      m_UseWorldSpace: 0
      m_FlipU: 0
      m_FlipV: 0
      m_SwapUV: 0
      m_Fill: 1
      m_Scale: {x: 1, y: 1}
      m_Offset: {x: 0, y: 0}
      m_Rotation: 0
      m_Anchor: 9
    m_Material: {fileID: 2100000, guid: c22777d6e868e4f2fb421913386b154e, type: 2}
    m_SubmeshIndex: 0
    m_ManualUV: 0
    elementGroup: 0
    m_TextureGroup: 2
  - m_Indexes: 5d0000005e0000005b0000005c0000005d0000005b000000
    m_SmoothingGroup: 0
    m_Uv:
      m_UseWorldSpace: 0
      m_FlipU: 0
      m_FlipV: 0
      m_SwapUV: 0
      m_Fill: 1
      m_Scale: {x: 1, y: 1}
      m_Offset: {x: 0, y: 0}
      m_Rotation: 0
      m_Anchor: 9
    m_Material: {fileID: 2100000, guid: c22777d6e868e4f2fb421913386b154e, type: 2}
    m_SubmeshIndex: 0
    m_ManualUV: 0
    elementGroup: 0
    m_TextureGroup: 2
  - m_Indexes: 5f0000006000000061000000620000005f00000061000000
    m_SmoothingGroup: 0
    m_Uv:
      m_UseWorldSpace: 0
      m_FlipU: 0
      m_FlipV: 0
      m_SwapUV: 0
      m_Fill: 1
      m_Scale: {x: 1, y: 1}
      m_Offset: {x: 0, y: 0}
      m_Rotation: 0
      m_Anchor: 9
    m_Material: {fileID: 2100000, guid: c22777d6e868e4f2fb421913386b154e, type: 2}
    m_SubmeshIndex: 0
    m_ManualUV: 0
    elementGroup: 0
    m_TextureGroup: 2
  - m_Indexes: 630000006400000065000000660000006300000065000000
    m_SmoothingGroup: 0
    m_Uv:
      m_UseWorldSpace: 0
      m_FlipU: 0
      m_FlipV: 0
      m_SwapUV: 0
      m_Fill: 1
      m_Scale: {x: 1, y: 1}
      m_Offset: {x: 0, y: 0}
      m_Rotation: 0
      m_Anchor: 9
    m_Material: {fileID: 2100000, guid: c22777d6e868e4f2fb421913386b154e, type: 2}
    m_SubmeshIndex: 0
    m_ManualUV: 0
    elementGroup: 0
    m_TextureGroup: 2
  - m_Indexes: 6a0000006700000068000000690000006a00000068000000
    m_SmoothingGroup: 0
    m_Uv:
      m_UseWorldSpace: 0
      m_FlipU: 0
      m_FlipV: 0
      m_SwapUV: 0
      m_Fill: 1
      m_Scale: {x: 1, y: 1}
      m_Offset: {x: 0, y: 0}
      m_Rotation: 0
      m_Anchor: 9
    m_Material: {fileID: 2100000, guid: c22777d6e868e4f2fb421913386b154e, type: 2}
    m_SubmeshIndex: 0
    m_ManualUV: 0
    elementGroup: 0
    m_TextureGroup: 2
  - m_Indexes: 6d0000006e0000006b0000006c0000006d0000006b000000
    m_SmoothingGroup: 0
    m_Uv:
      m_UseWorldSpace: 0
      m_FlipU: 0
      m_FlipV: 0
      m_SwapUV: 0
      m_Fill: 1
      m_Scale: {x: 1, y: 1}
      m_Offset: {x: 0, y: 0}
      m_Rotation: 0
      m_Anchor: 9
    m_Material: {fileID: 2100000, guid: c22777d6e868e4f2fb421913386b154e, type: 2}
    m_SubmeshIndex: 0
    m_ManualUV: 0
    elementGroup: 0
    m_TextureGroup: 2
  - m_Indexes: 6f0000007000000071000000
    m_SmoothingGroup: 0
    m_Uv:
      m_UseWorldSpace: 0
      m_FlipU: 0
      m_FlipV: 0
      m_SwapUV: 0
      m_Fill: 1
      m_Scale: {x: 1, y: 1}
      m_Offset: {x: 0, y: 0}
      m_Rotation: 0
      m_Anchor: 9
    m_Material: {fileID: 2100000, guid: c22777d6e868e4f2fb421913386b154e, type: 2}
    m_SubmeshIndex: 0
    m_ManualUV: 0
    elementGroup: 0
    m_TextureGroup: 2
  - m_Indexes: 720000007300000074000000750000007200000074000000
    m_SmoothingGroup: 0
    m_Uv:
      m_UseWorldSpace: 0
      m_FlipU: 0
      m_FlipV: 0
      m_SwapUV: 0
      m_Fill: 1
      m_Scale: {x: 1, y: 1}
      m_Offset: {x: 0, y: 0}
      m_Rotation: 0
      m_Anchor: 9
    m_Material: {fileID: 2100000, guid: c22777d6e868e4f2fb421913386b154e, type: 2}
    m_SubmeshIndex: 0
    m_ManualUV: 0
    elementGroup: 0
    m_TextureGroup: 2
  - m_Indexes: 790000007600000077000000780000007900000077000000
    m_SmoothingGroup: 0
    m_Uv:
      m_UseWorldSpace: 0
      m_FlipU: 0
      m_FlipV: 0
      m_SwapUV: 0
      m_Fill: 1
      m_Scale: {x: 1, y: 1}
      m_Offset: {x: 0, y: 0}
      m_Rotation: 0
      m_Anchor: 9
    m_Material: {fileID: 2100000, guid: c22777d6e868e4f2fb421913386b154e, type: 2}
    m_SubmeshIndex: 0
    m_ManualUV: 0
    elementGroup: 0
    m_TextureGroup: 2
  - m_Indexes: 7b0000007c0000007a000000
    m_SmoothingGroup: 0
    m_Uv:
      m_UseWorldSpace: 0
      m_FlipU: 0
      m_FlipV: 0
      m_SwapUV: 0
      m_Fill: 1
      m_Scale: {x: 1, y: 1}
      m_Offset: {x: 0, y: 0}
      m_Rotation: 0
      m_Anchor: 9
    m_Material: {fileID: 2100000, guid: c22777d6e868e4f2fb421913386b154e, type: 2}
    m_SubmeshIndex: 0
    m_ManualUV: 0
    elementGroup: 0
    m_TextureGroup: 2
  - m_Indexes: 7f0000007d0000007e0000007f000000800000007d000000
    m_SmoothingGroup: 0
    m_Uv:
      m_UseWorldSpace: 0
      m_FlipU: 0
      m_FlipV: 0
      m_SwapUV: 0
      m_Fill: 1
      m_Scale: {x: 1, y: 1}
      m_Offset: {x: 0, y: 0}
      m_Rotation: 0
      m_Anchor: 9
    m_Material: {fileID: 2100000, guid: c22777d6e868e4f2fb421913386b154e, type: 2}
    m_SubmeshIndex: 0
    m_ManualUV: 0
    elementGroup: 0
    m_TextureGroup: 3
  - m_Indexes: 830000008100000082000000830000008400000081000000
    m_SmoothingGroup: 0
    m_Uv:
      m_UseWorldSpace: 0
      m_FlipU: 0
      m_FlipV: 0
      m_SwapUV: 0
      m_Fill: 1
      m_Scale: {x: 1, y: 1}
      m_Offset: {x: 0, y: 0}
      m_Rotation: 0
      m_Anchor: 9
    m_Material: {fileID: 2100000, guid: c22777d6e868e4f2fb421913386b154e, type: 2}
    m_SubmeshIndex: 0
    m_ManualUV: 0
    elementGroup: 0
    m_TextureGroup: 3
  - m_Indexes: 860000008800000085000000860000008700000088000000
    m_SmoothingGroup: 0
    m_Uv:
      m_UseWorldSpace: 0
      m_FlipU: 0
      m_FlipV: 0
      m_SwapUV: 0
      m_Fill: 1
      m_Scale: {x: 1, y: 1}
      m_Offset: {x: 0, y: 0}
      m_Rotation: 0
      m_Anchor: 9
    m_Material: {fileID: 2100000, guid: c22777d6e868e4f2fb421913386b154e, type: 2}
    m_SubmeshIndex: 0
    m_ManualUV: 0
    elementGroup: 0
    m_TextureGroup: 3
  - m_Indexes: 890000008b0000008c000000890000008a0000008b000000
    m_SmoothingGroup: 0
    m_Uv:
      m_UseWorldSpace: 0
      m_FlipU: 0
      m_FlipV: 0
      m_SwapUV: 0
      m_Fill: 1
      m_Scale: {x: 1, y: 1}
      m_Offset: {x: 0, y: 0}
      m_Rotation: 0
      m_Anchor: 9
    m_Material: {fileID: 2100000, guid: c22777d6e868e4f2fb421913386b154e, type: 2}
    m_SubmeshIndex: 0
    m_ManualUV: 0
    elementGroup: 0
    m_TextureGroup: 3
  - m_Indexes: 8f0000008d0000008e0000008f000000900000008d000000
    m_SmoothingGroup: 0
    m_Uv:
      m_UseWorldSpace: 0
      m_FlipU: 0
      m_FlipV: 0
      m_SwapUV: 0
      m_Fill: 1
      m_Scale: {x: 1, y: 1}
      m_Offset: {x: 0, y: 0}
      m_Rotation: 0
      m_Anchor: 9
    m_Material: {fileID: 2100000, guid: c22777d6e868e4f2fb421913386b154e, type: 2}
    m_SubmeshIndex: 0
    m_ManualUV: 0
    elementGroup: 0
    m_TextureGroup: 3
  - m_Indexes: 930000009100000092000000930000009400000091000000
    m_SmoothingGroup: 0
    m_Uv:
      m_UseWorldSpace: 0
      m_FlipU: 0
      m_FlipV: 0
      m_SwapUV: 0
      m_Fill: 1
      m_Scale: {x: 1, y: 1}
      m_Offset: {x: 0, y: 0}
      m_Rotation: 0
      m_Anchor: 9
    m_Material: {fileID: 2100000, guid: c22777d6e868e4f2fb421913386b154e, type: 2}
    m_SubmeshIndex: 0
    m_ManualUV: 0
    elementGroup: 0
    m_TextureGroup: 3
  - m_Indexes: 960000009800000095000000960000009700000098000000
    m_SmoothingGroup: 0
    m_Uv:
      m_UseWorldSpace: 0
      m_FlipU: 0
      m_FlipV: 0
      m_SwapUV: 0
      m_Fill: 1
      m_Scale: {x: 1, y: 1}
      m_Offset: {x: 0, y: 0}
      m_Rotation: 0
      m_Anchor: 9
    m_Material: {fileID: 2100000, guid: c22777d6e868e4f2fb421913386b154e, type: 2}
    m_SubmeshIndex: 0
    m_ManualUV: 0
    elementGroup: 0
    m_TextureGroup: 3
  - m_Indexes: 990000009b0000009c000000990000009a0000009b000000
    m_SmoothingGroup: 0
    m_Uv:
      m_UseWorldSpace: 0
      m_FlipU: 0
      m_FlipV: 0
      m_SwapUV: 0
      m_Fill: 1
      m_Scale: {x: 1, y: 1}
      m_Offset: {x: 0, y: 0}
      m_Rotation: 0
      m_Anchor: 9
    m_Material: {fileID: 2100000, guid: c22777d6e868e4f2fb421913386b154e, type: 2}
    m_SubmeshIndex: 0
    m_ManualUV: 0
    elementGroup: 0
    m_TextureGroup: 3
  - m_Indexes: 9f0000009d0000009e0000009f000000a00000009d000000
    m_SmoothingGroup: 0
    m_Uv:
      m_UseWorldSpace: 0
      m_FlipU: 0
      m_FlipV: 0
      m_SwapUV: 0
      m_Fill: 1
      m_Scale: {x: 1, y: 1}
      m_Offset: {x: 0, y: 0}
      m_Rotation: 0
      m_Anchor: 9
    m_Material: {fileID: 2100000, guid: c22777d6e868e4f2fb421913386b154e, type: 2}
    m_SubmeshIndex: 0
    m_ManualUV: 0
    elementGroup: 0
    m_TextureGroup: 3
  - m_Indexes: a3000000a1000000a2000000a3000000a4000000a1000000
    m_SmoothingGroup: 0
    m_Uv:
      m_UseWorldSpace: 0
      m_FlipU: 0
      m_FlipV: 0
      m_SwapUV: 0
      m_Fill: 1
      m_Scale: {x: 1, y: 1}
      m_Offset: {x: 0, y: 0}
      m_Rotation: 0
      m_Anchor: 9
    m_Material: {fileID: 2100000, guid: c22777d6e868e4f2fb421913386b154e, type: 2}
    m_SubmeshIndex: 0
    m_ManualUV: 0
    elementGroup: 0
    m_TextureGroup: 3
  - m_Indexes: a6000000a8000000a5000000a6000000a7000000a8000000
    m_SmoothingGroup: 0
    m_Uv:
      m_UseWorldSpace: 0
      m_FlipU: 0
      m_FlipV: 0
      m_SwapUV: 0
      m_Fill: 1
      m_Scale: {x: 1, y: 1}
      m_Offset: {x: 0, y: 0}
      m_Rotation: 0
      m_Anchor: 9
    m_Material: {fileID: 2100000, guid: c22777d6e868e4f2fb421913386b154e, type: 2}
    m_SubmeshIndex: 0
    m_ManualUV: 0
    elementGroup: 0
    m_TextureGroup: 3
  - m_Indexes: a9000000ab000000ac000000a9000000aa000000ab000000
    m_SmoothingGroup: 0
    m_Uv:
      m_UseWorldSpace: 0
      m_FlipU: 0
      m_FlipV: 0
      m_SwapUV: 0
      m_Fill: 1
      m_Scale: {x: 1, y: 1}
      m_Offset: {x: 0, y: 0}
      m_Rotation: 0
      m_Anchor: 9
    m_Material: {fileID: 2100000, guid: c22777d6e868e4f2fb421913386b154e, type: 2}
    m_SubmeshIndex: 0
    m_ManualUV: 0
    elementGroup: 0
    m_TextureGroup: 3
  - m_Indexes: af000000ad000000ae000000af000000b0000000ad000000
    m_SmoothingGroup: 0
    m_Uv:
      m_UseWorldSpace: 0
      m_FlipU: 0
      m_FlipV: 0
      m_SwapUV: 0
      m_Fill: 1
      m_Scale: {x: 1, y: 1}
      m_Offset: {x: 0, y: 0}
      m_Rotation: 0
      m_Anchor: 9
    m_Material: {fileID: 2100000, guid: c22777d6e868e4f2fb421913386b154e, type: 2}
    m_SubmeshIndex: 0
    m_ManualUV: 0
    elementGroup: 0
    m_TextureGroup: 3
  - m_Indexes: b3000000b1000000b2000000b3000000b4000000b1000000
    m_SmoothingGroup: 0
    m_Uv:
      m_UseWorldSpace: 0
      m_FlipU: 0
      m_FlipV: 0
      m_SwapUV: 0
      m_Fill: 1
      m_Scale: {x: 1, y: 1}
      m_Offset: {x: 0, y: 0}
      m_Rotation: 0
      m_Anchor: 9
    m_Material: {fileID: 2100000, guid: c22777d6e868e4f2fb421913386b154e, type: 2}
    m_SubmeshIndex: 0
    m_ManualUV: 0
    elementGroup: 0
    m_TextureGroup: 3
  - m_Indexes: b6000000b8000000b5000000b6000000b7000000b8000000
    m_SmoothingGroup: 0
    m_Uv:
      m_UseWorldSpace: 0
      m_FlipU: 0
      m_FlipV: 0
      m_SwapUV: 0
      m_Fill: 1
      m_Scale: {x: 1, y: 1}
      m_Offset: {x: 0, y: 0}
      m_Rotation: 0
      m_Anchor: 9
    m_Material: {fileID: 2100000, guid: c22777d6e868e4f2fb421913386b154e, type: 2}
    m_SubmeshIndex: 0
    m_ManualUV: 0
    elementGroup: 0
    m_TextureGroup: 3
  - m_Indexes: b9000000bb000000bc000000b9000000ba000000bb000000
    m_SmoothingGroup: 0
    m_Uv:
      m_UseWorldSpace: 0
      m_FlipU: 0
      m_FlipV: 0
      m_SwapUV: 0
      m_Fill: 1
      m_Scale: {x: 1, y: 1}
      m_Offset: {x: 0, y: 0}
      m_Rotation: 0
      m_Anchor: 9
    m_Material: {fileID: 2100000, guid: c22777d6e868e4f2fb421913386b154e, type: 2}
    m_SubmeshIndex: 0
    m_ManualUV: 0
    elementGroup: 0
    m_TextureGroup: 3
  - m_Indexes: bf000000bd000000be000000bf000000c0000000bd000000
    m_SmoothingGroup: 0
    m_Uv:
      m_UseWorldSpace: 0
      m_FlipU: 0
      m_FlipV: 0
      m_SwapUV: 0
      m_Fill: 1
      m_Scale: {x: 1, y: 1}
      m_Offset: {x: 0, y: 0}
      m_Rotation: 0
      m_Anchor: 9
    m_Material: {fileID: 2100000, guid: c22777d6e868e4f2fb421913386b154e, type: 2}
    m_SubmeshIndex: 0
    m_ManualUV: 0
    elementGroup: 0
    m_TextureGroup: 4
  - m_Indexes: c3000000c1000000c2000000c3000000c4000000c1000000
    m_SmoothingGroup: 0
    m_Uv:
      m_UseWorldSpace: 0
      m_FlipU: 0
      m_FlipV: 0
      m_SwapUV: 0
      m_Fill: 1
      m_Scale: {x: 1, y: 1}
      m_Offset: {x: 0, y: 0}
      m_Rotation: 0
      m_Anchor: 9
    m_Material: {fileID: 2100000, guid: c22777d6e868e4f2fb421913386b154e, type: 2}
    m_SubmeshIndex: 0
    m_ManualUV: 0
    elementGroup: 0
    m_TextureGroup: 4
  - m_Indexes: c6000000c8000000c5000000c6000000c7000000c8000000
    m_SmoothingGroup: 0
    m_Uv:
      m_UseWorldSpace: 0
      m_FlipU: 0
      m_FlipV: 0
      m_SwapUV: 0
      m_Fill: 1
      m_Scale: {x: 1, y: 1}
      m_Offset: {x: 0, y: 0}
      m_Rotation: 0
      m_Anchor: 9
    m_Material: {fileID: 2100000, guid: c22777d6e868e4f2fb421913386b154e, type: 2}
    m_SubmeshIndex: 0
    m_ManualUV: 0
    elementGroup: 0
    m_TextureGroup: 4
  - m_Indexes: c9000000cb000000cc000000c9000000ca000000cb000000
    m_SmoothingGroup: 0
    m_Uv:
      m_UseWorldSpace: 0
      m_FlipU: 0
      m_FlipV: 0
      m_SwapUV: 0
      m_Fill: 1
      m_Scale: {x: 1, y: 1}
      m_Offset: {x: 0, y: 0}
      m_Rotation: 0
      m_Anchor: 9
    m_Material: {fileID: 2100000, guid: c22777d6e868e4f2fb421913386b154e, type: 2}
    m_SubmeshIndex: 0
    m_ManualUV: 0
    elementGroup: 0
    m_TextureGroup: 4
  - m_Indexes: cf000000cd000000ce000000cf000000d0000000cd000000
    m_SmoothingGroup: 0
    m_Uv:
      m_UseWorldSpace: 0
      m_FlipU: 0
      m_FlipV: 0
      m_SwapUV: 0
      m_Fill: 1
      m_Scale: {x: 1, y: 1}
      m_Offset: {x: 0, y: 0}
      m_Rotation: 0
      m_Anchor: 9
    m_Material: {fileID: 2100000, guid: c22777d6e868e4f2fb421913386b154e, type: 2}
    m_SubmeshIndex: 0
    m_ManualUV: 0
    elementGroup: 0
    m_TextureGroup: 4
  - m_Indexes: d3000000d1000000d2000000d3000000d4000000d1000000
    m_SmoothingGroup: 0
    m_Uv:
      m_UseWorldSpace: 0
      m_FlipU: 0
      m_FlipV: 0
      m_SwapUV: 0
      m_Fill: 1
      m_Scale: {x: 1, y: 1}
      m_Offset: {x: 0, y: 0}
      m_Rotation: 0
      m_Anchor: 9
    m_Material: {fileID: 2100000, guid: c22777d6e868e4f2fb421913386b154e, type: 2}
    m_SubmeshIndex: 0
    m_ManualUV: 0
    elementGroup: 0
    m_TextureGroup: 4
  - m_Indexes: d6000000d8000000d5000000d6000000d7000000d8000000
    m_SmoothingGroup: 0
    m_Uv:
      m_UseWorldSpace: 0
      m_FlipU: 0
      m_FlipV: 0
      m_SwapUV: 0
      m_Fill: 1
      m_Scale: {x: 1, y: 1}
      m_Offset: {x: 0, y: 0}
      m_Rotation: 0
      m_Anchor: 9
    m_Material: {fileID: 2100000, guid: c22777d6e868e4f2fb421913386b154e, type: 2}
    m_SubmeshIndex: 0
    m_ManualUV: 0
    elementGroup: 0
    m_TextureGroup: 4
  - m_Indexes: d9000000db000000dc000000d9000000da000000db000000
    m_SmoothingGroup: 0
    m_Uv:
      m_UseWorldSpace: 0
      m_FlipU: 0
      m_FlipV: 0
      m_SwapUV: 0
      m_Fill: 1
      m_Scale: {x: 1, y: 1}
      m_Offset: {x: 0, y: 0}
      m_Rotation: 0
      m_Anchor: 9
    m_Material: {fileID: 2100000, guid: c22777d6e868e4f2fb421913386b154e, type: 2}
    m_SubmeshIndex: 0
    m_ManualUV: 0
    elementGroup: 0
    m_TextureGroup: 4
  - m_Indexes: df000000dd000000de000000df000000e0000000dd000000
    m_SmoothingGroup: 0
    m_Uv:
      m_UseWorldSpace: 0
      m_FlipU: 0
      m_FlipV: 0
      m_SwapUV: 0
      m_Fill: 1
      m_Scale: {x: 1, y: 1}
      m_Offset: {x: 0, y: 0}
      m_Rotation: 0
      m_Anchor: 9
    m_Material: {fileID: 2100000, guid: c22777d6e868e4f2fb421913386b154e, type: 2}
    m_SubmeshIndex: 0
    m_ManualUV: 0
    elementGroup: 0
    m_TextureGroup: 4
  - m_Indexes: e1000000e2000000e3000000
    m_SmoothingGroup: 0
    m_Uv:
      m_UseWorldSpace: 0
      m_FlipU: 0
      m_FlipV: 0
      m_SwapUV: 0
      m_Fill: 1
      m_Scale: {x: 1, y: 1}
      m_Offset: {x: 0, y: 0}
      m_Rotation: 0
      m_Anchor: 9
    m_Material: {fileID: 2100000, guid: c22777d6e868e4f2fb421913386b154e, type: 2}
    m_SubmeshIndex: 0
    m_ManualUV: 0
    elementGroup: 0
    m_TextureGroup: 4
  - m_Indexes: e6000000e4000000e5000000e6000000e7000000e4000000
    m_SmoothingGroup: 0
    m_Uv:
      m_UseWorldSpace: 0
      m_FlipU: 0
      m_FlipV: 0
      m_SwapUV: 0
      m_Fill: 1
      m_Scale: {x: 1, y: 1}
      m_Offset: {x: 0, y: 0}
      m_Rotation: 0
      m_Anchor: 9
    m_Material: {fileID: 2100000, guid: c22777d6e868e4f2fb421913386b154e, type: 2}
    m_SubmeshIndex: 0
    m_ManualUV: 0
    elementGroup: 0
    m_TextureGroup: 4
  - m_Indexes: e9000000eb000000e8000000e9000000ea000000eb000000
    m_SmoothingGroup: 0
    m_Uv:
      m_UseWorldSpace: 0
      m_FlipU: 0
      m_FlipV: 0
      m_SwapUV: 0
      m_Fill: 1
      m_Scale: {x: 1, y: 1}
      m_Offset: {x: 0, y: 0}
      m_Rotation: 0
      m_Anchor: 9
    m_Material: {fileID: 2100000, guid: c22777d6e868e4f2fb421913386b154e, type: 2}
    m_SubmeshIndex: 0
    m_ManualUV: 0
    elementGroup: 0
    m_TextureGroup: 4
  - m_Indexes: ec000000ee000000ef000000ec000000ed000000ee000000
    m_SmoothingGroup: 0
    m_Uv:
      m_UseWorldSpace: 0
      m_FlipU: 0
      m_FlipV: 0
      m_SwapUV: 0
      m_Fill: 1
      m_Scale: {x: 1, y: 1}
      m_Offset: {x: 0, y: 0}
      m_Rotation: 0
      m_Anchor: 9
    m_Material: {fileID: 2100000, guid: c22777d6e868e4f2fb421913386b154e, type: 2}
    m_SubmeshIndex: 0
    m_ManualUV: 0
    elementGroup: 0
    m_TextureGroup: 4
  - m_Indexes: f2000000f0000000f1000000
    m_SmoothingGroup: 0
    m_Uv:
      m_UseWorldSpace: 0
      m_FlipU: 0
      m_FlipV: 0
      m_SwapUV: 0
      m_Fill: 1
      m_Scale: {x: 1, y: 1}
      m_Offset: {x: 0, y: 0}
      m_Rotation: 0
      m_Anchor: 9
    m_Material: {fileID: 2100000, guid: c22777d6e868e4f2fb421913386b154e, type: 2}
    m_SubmeshIndex: 0
    m_ManualUV: 0
    elementGroup: 0
    m_TextureGroup: 5
  - m_Indexes: f5000000f6000000f3000000f4000000f5000000f3000000
    m_SmoothingGroup: 0
    m_Uv:
      m_UseWorldSpace: 0
      m_FlipU: 0
      m_FlipV: 0
      m_SwapUV: 0
      m_Fill: 1
      m_Scale: {x: 1, y: 1}
      m_Offset: {x: 0, y: 0}
      m_Rotation: 0
      m_Anchor: 9
    m_Material: {fileID: 2100000, guid: c22777d6e868e4f2fb421913386b154e, type: 2}
    m_SubmeshIndex: 0
    m_ManualUV: 0
    elementGroup: 0
    m_TextureGroup: 5
  - m_Indexes: f7000000f8000000f9000000fa000000f7000000f9000000
    m_SmoothingGroup: 0
    m_Uv:
      m_UseWorldSpace: 0
      m_FlipU: 0
      m_FlipV: 0
      m_SwapUV: 0
      m_Fill: 1
      m_Scale: {x: 1, y: 1}
      m_Offset: {x: 0, y: 0}
      m_Rotation: 0
      m_Anchor: 9
    m_Material: {fileID: 2100000, guid: c22777d6e868e4f2fb421913386b154e, type: 2}
    m_SubmeshIndex: 0
    m_ManualUV: 0
    elementGroup: 0
    m_TextureGroup: 5
  - m_Indexes: fb000000fc000000fd000000fe000000fb000000fd000000
    m_SmoothingGroup: 0
    m_Uv:
      m_UseWorldSpace: 0
      m_FlipU: 0
      m_FlipV: 0
      m_SwapUV: 0
      m_Fill: 1
      m_Scale: {x: 1, y: 1}
      m_Offset: {x: 0, y: 0}
      m_Rotation: 0
      m_Anchor: 9
    m_Material: {fileID: 2100000, guid: c22777d6e868e4f2fb421913386b154e, type: 2}
    m_SubmeshIndex: 0
    m_ManualUV: 0
    elementGroup: 0
    m_TextureGroup: 5
  - m_Indexes: 02010000ff00000000010000010100000201000000010000
    m_SmoothingGroup: 0
    m_Uv:
      m_UseWorldSpace: 0
      m_FlipU: 0
      m_FlipV: 0
      m_SwapUV: 0
      m_Fill: 1
      m_Scale: {x: 1, y: 1}
      m_Offset: {x: 0, y: 0}
      m_Rotation: 0
      m_Anchor: 9
    m_Material: {fileID: 2100000, guid: c22777d6e868e4f2fb421913386b154e, type: 2}
    m_SubmeshIndex: 0
    m_ManualUV: 0
    elementGroup: 0
    m_TextureGroup: 5
  - m_Indexes: 040100000501000003010000
    m_SmoothingGroup: 0
    m_Uv:
      m_UseWorldSpace: 0
      m_FlipU: 0
      m_FlipV: 0
      m_SwapUV: 0
      m_Fill: 1
      m_Scale: {x: 1, y: 1}
      m_Offset: {x: 0, y: 0}
      m_Rotation: 0
      m_Anchor: 9
    m_Material: {fileID: 2100000, guid: c22777d6e868e4f2fb421913386b154e, type: 2}
    m_SubmeshIndex: 0
    m_ManualUV: 0
    elementGroup: 0
    m_TextureGroup: 5
  - m_Indexes: 060100000701000008010000090100000601000008010000
    m_SmoothingGroup: 0
    m_Uv:
      m_UseWorldSpace: 0
      m_FlipU: 0
      m_FlipV: 0
      m_SwapUV: 0
      m_Fill: 1
      m_Scale: {x: 1, y: 1}
      m_Offset: {x: 0, y: 0}
      m_Rotation: 0
      m_Anchor: 9
    m_Material: {fileID: 2100000, guid: c22777d6e868e4f2fb421913386b154e, type: 2}
    m_SubmeshIndex: 0
    m_ManualUV: 0
    elementGroup: 0
    m_TextureGroup: 5
  - m_Indexes: 0a0100000b0100000c0100000d0100000a0100000c010000
    m_SmoothingGroup: 0
    m_Uv:
      m_UseWorldSpace: 0
      m_FlipU: 0
      m_FlipV: 0
      m_SwapUV: 0
      m_Fill: 1
      m_Scale: {x: 1, y: 1}
      m_Offset: {x: 0, y: 0}
      m_Rotation: 0
      m_Anchor: 9
    m_Material: {fileID: 2100000, guid: c22777d6e868e4f2fb421913386b154e, type: 2}
    m_SubmeshIndex: 0
    m_ManualUV: 0
    elementGroup: 0
    m_TextureGroup: 5
  - m_Indexes: 110100000e0100000f01000010010000110100000f010000
    m_SmoothingGroup: 0
    m_Uv:
      m_UseWorldSpace: 0
      m_FlipU: 0
      m_FlipV: 0
      m_SwapUV: 0
      m_Fill: 1
      m_Scale: {x: 1, y: 1}
      m_Offset: {x: 0, y: 0}
      m_Rotation: 0
      m_Anchor: 9
    m_Material: {fileID: 2100000, guid: c22777d6e868e4f2fb421913386b154e, type: 2}
    m_SubmeshIndex: 0
    m_ManualUV: 0
    elementGroup: 0
    m_TextureGroup: 5
  - m_Indexes: 140100001501000012010000130100001401000012010000
    m_SmoothingGroup: 0
    m_Uv:
      m_UseWorldSpace: 0
      m_FlipU: 0
      m_FlipV: 0
      m_SwapUV: 0
      m_Fill: 1
      m_Scale: {x: 1, y: 1}
      m_Offset: {x: 0, y: 0}
      m_Rotation: 0
      m_Anchor: 9
    m_Material: {fileID: 2100000, guid: c22777d6e868e4f2fb421913386b154e, type: 2}
    m_SubmeshIndex: 0
    m_ManualUV: 0
    elementGroup: 0
    m_TextureGroup: 5
  - m_Indexes: 160100001701000018010000190100001601000018010000
    m_SmoothingGroup: 0
    m_Uv:
      m_UseWorldSpace: 0
      m_FlipU: 0
      m_FlipV: 0
      m_SwapUV: 0
      m_Fill: 1
      m_Scale: {x: 1, y: 1}
      m_Offset: {x: 0, y: 0}
      m_Rotation: 0
      m_Anchor: 9
    m_Material: {fileID: 2100000, guid: c22777d6e868e4f2fb421913386b154e, type: 2}
    m_SubmeshIndex: 0
    m_ManualUV: 0
    elementGroup: 0
    m_TextureGroup: 5
  - m_Indexes: 1a0100001b0100001c0100001d0100001a0100001c010000
    m_SmoothingGroup: 0
    m_Uv:
      m_UseWorldSpace: 0
      m_FlipU: 0
      m_FlipV: 0
      m_SwapUV: 0
      m_Fill: 1
      m_Scale: {x: 1, y: 1}
      m_Offset: {x: 0, y: 0}
      m_Rotation: 0
      m_Anchor: 9
    m_Material: {fileID: 2100000, guid: c22777d6e868e4f2fb421913386b154e, type: 2}
    m_SubmeshIndex: 0
    m_ManualUV: 0
    elementGroup: 0
    m_TextureGroup: 5
  - m_Indexes: 20010000210100001e0100001f010000200100001e010000
    m_SmoothingGroup: 0
    m_Uv:
      m_UseWorldSpace: 0
      m_FlipU: 0
      m_FlipV: 0
      m_SwapUV: 0
      m_Fill: 1
      m_Scale: {x: 1, y: 1}
      m_Offset: {x: 0, y: 0}
      m_Rotation: 0
      m_Anchor: 9
    m_Material: {fileID: 2100000, guid: c22777d6e868e4f2fb421913386b154e, type: 2}
    m_SubmeshIndex: 0
    m_ManualUV: 0
    elementGroup: 0
    m_TextureGroup: 5
  - m_Indexes: 240100002201000023010000240100002501000022010000
    m_SmoothingGroup: 0
    m_Uv:
      m_UseWorldSpace: 0
      m_FlipU: 0
      m_FlipV: 0
      m_SwapUV: 0
      m_Fill: 1
      m_Scale: {x: 1, y: 1}
      m_Offset: {x: 0, y: 0}
      m_Rotation: 0
      m_Anchor: 9
    m_Material: {fileID: 2100000, guid: c22777d6e868e4f2fb421913386b154e, type: 2}
    m_SubmeshIndex: 0
    m_ManualUV: 0
    elementGroup: 0
    m_TextureGroup: 6
  - m_Indexes: 280100002601000027010000280100002901000026010000
    m_SmoothingGroup: 0
    m_Uv:
      m_UseWorldSpace: 0
      m_FlipU: 0
      m_FlipV: 0
      m_SwapUV: 0
      m_Fill: 1
      m_Scale: {x: 1, y: 1}
      m_Offset: {x: 0, y: 0}
      m_Rotation: 0
      m_Anchor: 9
    m_Material: {fileID: 2100000, guid: c22777d6e868e4f2fb421913386b154e, type: 2}
    m_SubmeshIndex: 0
    m_ManualUV: 0
    elementGroup: 0
    m_TextureGroup: 6
  - m_Indexes: 2b0100002d0100002a0100002b0100002c0100002d010000
    m_SmoothingGroup: 0
    m_Uv:
      m_UseWorldSpace: 0
      m_FlipU: 0
      m_FlipV: 0
      m_SwapUV: 0
      m_Fill: 1
      m_Scale: {x: 1, y: 1}
      m_Offset: {x: 0, y: 0}
      m_Rotation: 0
      m_Anchor: 9
    m_Material: {fileID: 2100000, guid: c22777d6e868e4f2fb421913386b154e, type: 2}
    m_SubmeshIndex: 0
    m_ManualUV: 0
    elementGroup: 0
    m_TextureGroup: 6
  - m_Indexes: 2e01000030010000310100002e0100002f01000030010000
    m_SmoothingGroup: 0
    m_Uv:
      m_UseWorldSpace: 0
      m_FlipU: 0
      m_FlipV: 0
      m_SwapUV: 0
      m_Fill: 1
      m_Scale: {x: 1, y: 1}
      m_Offset: {x: 0, y: 0}
      m_Rotation: 0
      m_Anchor: 9
    m_Material: {fileID: 2100000, guid: c22777d6e868e4f2fb421913386b154e, type: 2}
    m_SubmeshIndex: 0
    m_ManualUV: 0
    elementGroup: 0
    m_TextureGroup: 6
  - m_Indexes: 340100003201000033010000340100003501000032010000
    m_SmoothingGroup: 0
    m_Uv:
      m_UseWorldSpace: 0
      m_FlipU: 0
      m_FlipV: 0
      m_SwapUV: 0
      m_Fill: 1
      m_Scale: {x: 1, y: 1}
      m_Offset: {x: 0, y: 0}
      m_Rotation: 0
      m_Anchor: 9
    m_Material: {fileID: 2100000, guid: c22777d6e868e4f2fb421913386b154e, type: 2}
    m_SubmeshIndex: 0
    m_ManualUV: 0
    elementGroup: 0
    m_TextureGroup: 6
  - m_Indexes: 380100003601000037010000380100003901000036010000
    m_SmoothingGroup: 0
    m_Uv:
      m_UseWorldSpace: 0
      m_FlipU: 0
      m_FlipV: 0
      m_SwapUV: 0
      m_Fill: 1
      m_Scale: {x: 1, y: 1}
      m_Offset: {x: 0, y: 0}
      m_Rotation: 0
      m_Anchor: 9
    m_Material: {fileID: 2100000, guid: c22777d6e868e4f2fb421913386b154e, type: 2}
    m_SubmeshIndex: 0
    m_ManualUV: 0
    elementGroup: 0
    m_TextureGroup: 6
  - m_Indexes: 3b0100003d0100003a0100003b0100003c0100003d010000
    m_SmoothingGroup: 0
    m_Uv:
      m_UseWorldSpace: 0
      m_FlipU: 0
      m_FlipV: 0
      m_SwapUV: 0
      m_Fill: 1
      m_Scale: {x: 1, y: 1}
      m_Offset: {x: 0, y: 0}
      m_Rotation: 0
      m_Anchor: 9
    m_Material: {fileID: 2100000, guid: c22777d6e868e4f2fb421913386b154e, type: 2}
    m_SubmeshIndex: 0
    m_ManualUV: 0
    elementGroup: 0
    m_TextureGroup: 6
  - m_Indexes: 3e01000040010000410100003e0100003f01000040010000
    m_SmoothingGroup: 0
    m_Uv:
      m_UseWorldSpace: 0
      m_FlipU: 0
      m_FlipV: 0
      m_SwapUV: 0
      m_Fill: 1
      m_Scale: {x: 1, y: 1}
      m_Offset: {x: 0, y: 0}
      m_Rotation: 0
      m_Anchor: 9
    m_Material: {fileID: 2100000, guid: c22777d6e868e4f2fb421913386b154e, type: 2}
    m_SubmeshIndex: 0
    m_ManualUV: 0
    elementGroup: 0
    m_TextureGroup: 6
  - m_Indexes: 440100004201000043010000440100004501000042010000
    m_SmoothingGroup: 0
    m_Uv:
      m_UseWorldSpace: 0
      m_FlipU: 0
      m_FlipV: 0
      m_SwapUV: 0
      m_Fill: 1
      m_Scale: {x: 1, y: 1}
      m_Offset: {x: 0, y: 0}
      m_Rotation: 0
      m_Anchor: 9
    m_Material: {fileID: 2100000, guid: c22777d6e868e4f2fb421913386b154e, type: 2}
    m_SubmeshIndex: 0
    m_ManualUV: 0
    elementGroup: 0
    m_TextureGroup: 6
  - m_Indexes: 480100004601000047010000480100004901000046010000
    m_SmoothingGroup: 0
    m_Uv:
      m_UseWorldSpace: 0
      m_FlipU: 0
      m_FlipV: 0
      m_SwapUV: 0
      m_Fill: 1
      m_Scale: {x: 1, y: 1}
      m_Offset: {x: 0, y: 0}
      m_Rotation: 0
      m_Anchor: 9
    m_Material: {fileID: 2100000, guid: c22777d6e868e4f2fb421913386b154e, type: 2}
    m_SubmeshIndex: 0
    m_ManualUV: 0
    elementGroup: 0
    m_TextureGroup: 6
  - m_Indexes: 4b0100004d0100004a0100004b0100004c0100004d010000
    m_SmoothingGroup: 0
    m_Uv:
      m_UseWorldSpace: 0
      m_FlipU: 0
      m_FlipV: 0
      m_SwapUV: 0
      m_Fill: 1
      m_Scale: {x: 1, y: 1}
      m_Offset: {x: 0, y: 0}
      m_Rotation: 0
      m_Anchor: 9
    m_Material: {fileID: 2100000, guid: c22777d6e868e4f2fb421913386b154e, type: 2}
    m_SubmeshIndex: 0
    m_ManualUV: 0
    elementGroup: 0
    m_TextureGroup: 6
  - m_Indexes: 4e01000050010000510100004e0100004f01000050010000
    m_SmoothingGroup: 0
    m_Uv:
      m_UseWorldSpace: 0
      m_FlipU: 0
      m_FlipV: 0
      m_SwapUV: 0
      m_Fill: 1
      m_Scale: {x: 1, y: 1}
      m_Offset: {x: 0, y: 0}
      m_Rotation: 0
      m_Anchor: 9
    m_Material: {fileID: 2100000, guid: c22777d6e868e4f2fb421913386b154e, type: 2}
    m_SubmeshIndex: 0
    m_ManualUV: 0
    elementGroup: 0
    m_TextureGroup: 6
  - m_Indexes: 540100005201000053010000540100005501000052010000
    m_SmoothingGroup: 0
    m_Uv:
      m_UseWorldSpace: 0
      m_FlipU: 0
      m_FlipV: 0
      m_SwapUV: 0
      m_Fill: 1
      m_Scale: {x: 1, y: 1}
      m_Offset: {x: 0, y: 0}
      m_Rotation: 0
      m_Anchor: 9
    m_Material: {fileID: 2100000, guid: c22777d6e868e4f2fb421913386b154e, type: 2}
    m_SubmeshIndex: 0
    m_ManualUV: 0
    elementGroup: 0
    m_TextureGroup: 6
  - m_Indexes: 580100005601000057010000580100005901000056010000
    m_SmoothingGroup: 0
    m_Uv:
      m_UseWorldSpace: 0
      m_FlipU: 0
      m_FlipV: 0
      m_SwapUV: 0
      m_Fill: 1
      m_Scale: {x: 1, y: 1}
      m_Offset: {x: 0, y: 0}
      m_Rotation: 0
      m_Anchor: 9
    m_Material: {fileID: 2100000, guid: c22777d6e868e4f2fb421913386b154e, type: 2}
    m_SubmeshIndex: 0
    m_ManualUV: 0
    elementGroup: 0
    m_TextureGroup: 6
  - m_Indexes: 5b0100005d0100005a0100005b0100005c0100005d010000
    m_SmoothingGroup: 0
    m_Uv:
      m_UseWorldSpace: 0
      m_FlipU: 0
      m_FlipV: 0
      m_SwapUV: 0
      m_Fill: 1
      m_Scale: {x: 1, y: 1}
      m_Offset: {x: 0, y: 0}
      m_Rotation: 0
      m_Anchor: 9
    m_Material: {fileID: 2100000, guid: c22777d6e868e4f2fb421913386b154e, type: 2}
    m_SubmeshIndex: 0
    m_ManualUV: 0
    elementGroup: 0
    m_TextureGroup: 6
  - m_Indexes: 5e01000060010000610100005e0100005f01000060010000
    m_SmoothingGroup: 0
    m_Uv:
      m_UseWorldSpace: 0
      m_FlipU: 0
      m_FlipV: 0
      m_SwapUV: 0
      m_Fill: 1
      m_Scale: {x: 1, y: 1}
      m_Offset: {x: 0, y: 0}
      m_Rotation: 0
      m_Anchor: 9
    m_Material: {fileID: 2100000, guid: c22777d6e868e4f2fb421913386b154e, type: 2}
    m_SubmeshIndex: 0
    m_ManualUV: 0
    elementGroup: 0
    m_TextureGroup: 6
  - m_Indexes: 650100006601000062010000630100006501000062010000630100006401000065010000
    m_SmoothingGroup: 0
    m_Uv:
      m_UseWorldSpace: 0
      m_FlipU: 0
      m_FlipV: 0
      m_SwapUV: 0
      m_Fill: 1
      m_Scale: {x: 1, y: 1}
      m_Offset: {x: 0, y: 0}
      m_Rotation: 0
      m_Anchor: 9
    m_Material: {fileID: 2100000, guid: c22777d6e868e4f2fb421913386b154e, type: 2}
    m_SubmeshIndex: 0
    m_ManualUV: 0
    elementGroup: 0
    m_TextureGroup: 4
  - m_Indexes: 6a0100006701000069010000670100006801000069010000
    m_SmoothingGroup: 0
    m_Uv:
      m_UseWorldSpace: 0
      m_FlipU: 0
      m_FlipV: 0
      m_SwapUV: 0
      m_Fill: 1
      m_Scale: {x: 1, y: 1}
      m_Offset: {x: 0, y: 0}
      m_Rotation: 0
      m_Anchor: 9
    m_Material: {fileID: 2100000, guid: c22777d6e868e4f2fb421913386b154e, type: 2}
    m_SubmeshIndex: 0
    m_ManualUV: 0
    elementGroup: 0
    m_TextureGroup: 4
  - m_Indexes: 6e0100006b0100006d0100006b0100006c0100006d010000
    m_SmoothingGroup: 0
    m_Uv:
      m_UseWorldSpace: 0
      m_FlipU: 0
      m_FlipV: 0
      m_SwapUV: 0
      m_Fill: 1
      m_Scale: {x: 1, y: 1}
      m_Offset: {x: 0, y: 0}
      m_Rotation: 0
      m_Anchor: 9
    m_Material: {fileID: 2100000, guid: c22777d6e868e4f2fb421913386b154e, type: 2}
    m_SubmeshIndex: 0
    m_ManualUV: 0
    elementGroup: 0
    m_TextureGroup: 4
  - m_Indexes: 710100007201000070010000720100006f01000070010000
    m_SmoothingGroup: 0
    m_Uv:
      m_UseWorldSpace: 0
      m_FlipU: 0
      m_FlipV: 0
      m_SwapUV: 0
      m_Fill: 1
      m_Scale: {x: 1, y: 1}
      m_Offset: {x: 0, y: 0}
      m_Rotation: 0
      m_Anchor: 9
    m_Material: {fileID: 2100000, guid: c22777d6e868e4f2fb421913386b154e, type: 2}
    m_SubmeshIndex: 0
    m_ManualUV: 0
    elementGroup: 0
    m_TextureGroup: 4
  - m_Indexes: 750100007601000074010000760100007701000074010000740100007701000073010000
    m_SmoothingGroup: 0
    m_Uv:
      m_UseWorldSpace: 0
      m_FlipU: 0
      m_FlipV: 0
      m_SwapUV: 0
      m_Fill: 1
      m_Scale: {x: 1, y: 1}
      m_Offset: {x: 0, y: 0}
      m_Rotation: 0
      m_Anchor: 9
    m_Material: {fileID: 2100000, guid: c22777d6e868e4f2fb421913386b154e, type: 2}
    m_SubmeshIndex: 0
    m_ManualUV: 0
    elementGroup: 0
    m_TextureGroup: 4
  - m_Indexes: 790100007b010000780100007b010000790100007a010000
    m_SmoothingGroup: 0
    m_Uv:
      m_UseWorldSpace: 0
      m_FlipU: 0
      m_FlipV: 0
      m_SwapUV: 0
      m_Fill: 1
      m_Scale: {x: 1, y: 1}
      m_Offset: {x: 0, y: 0}
      m_Rotation: 0
      m_Anchor: 9
    m_Material: {fileID: 2100000, guid: c22777d6e868e4f2fb421913386b154e, type: 2}
    m_SubmeshIndex: 0
    m_ManualUV: 0
    elementGroup: 0
    m_TextureGroup: 5
  - m_Indexes: 7d0100007f0100007c0100007e0100007f0100007d010000
    m_SmoothingGroup: 0
    m_Uv:
      m_UseWorldSpace: 0
      m_FlipU: 0
      m_FlipV: 0
      m_SwapUV: 0
      m_Fill: 1
      m_Scale: {x: 1, y: 1}
      m_Offset: {x: 0, y: 0}
      m_Rotation: 0
      m_Anchor: 9
    m_Material: {fileID: 2100000, guid: c22777d6e868e4f2fb421913386b154e, type: 2}
    m_SubmeshIndex: 0
    m_ManualUV: 0
    elementGroup: 0
    m_TextureGroup: 5
  - m_Indexes: 830100008001000081010000820100008301000081010000
    m_SmoothingGroup: 0
    m_Uv:
      m_UseWorldSpace: 0
      m_FlipU: 0
      m_FlipV: 0
      m_SwapUV: 0
      m_Fill: 1
      m_Scale: {x: 1, y: 1}
      m_Offset: {x: 0, y: 0}
      m_Rotation: 0
      m_Anchor: 9
    m_Material: {fileID: 2100000, guid: c22777d6e868e4f2fb421913386b154e, type: 2}
    m_SubmeshIndex: 0
    m_ManualUV: 0
    elementGroup: 0
    m_TextureGroup: 5
  - m_Indexes: 850100008601000087010000880100008401000085010000880100008501000087010000
    m_SmoothingGroup: 0
    m_Uv:
      m_UseWorldSpace: 0
      m_FlipU: 0
      m_FlipV: 0
      m_SwapUV: 0
      m_Fill: 1
      m_Scale: {x: 1, y: 1}
      m_Offset: {x: 0, y: 0}
      m_Rotation: 0
      m_Anchor: 9
    m_Material: {fileID: 2100000, guid: c22777d6e868e4f2fb421913386b154e, type: 2}
    m_SubmeshIndex: 0
    m_ManualUV: 0
    elementGroup: 0
    m_TextureGroup: 5
  - m_Indexes: 8d010000890100008c0100008a0100008c010000890100008a0100008b0100008c010000
    m_SmoothingGroup: 0
    m_Uv:
      m_UseWorldSpace: 0
      m_FlipU: 0
      m_FlipV: 0
      m_SwapUV: 0
      m_Fill: 1
      m_Scale: {x: 1, y: 1}
      m_Offset: {x: 0, y: 0}
      m_Rotation: 0
      m_Anchor: 9
    m_Material: {fileID: 2100000, guid: c22777d6e868e4f2fb421913386b154e, type: 2}
    m_SubmeshIndex: 0
    m_ManualUV: 0
    elementGroup: 0
    m_TextureGroup: 5
  m_SharedVertices:
  - m_Vertices: 00000000cd0000005b010000
  - m_Vertices: 0100000004000000580100005a010000
  - m_Vertices: 02000000070000000b0000000f000000
  - m_Vertices: 030000000e000000ce000000d1000000
  - m_Vertices: 05000000100000004b01000057010000
  - m_Vertices: 0600000008000000130000001e000000
  - m_Vertices: 090000001d0000002000000034000000
  - m_Vertices: 0a0000000c0000003000000033000000
  - m_Vertices: 0d0000002f000000d2000000dd000000
  - m_Vertices: 1100000014000000480100004a010000
  - m_Vertices: 12000000170000001b0000001f000000
  - m_Vertices: 150000003f00000047010000
  - m_Vertices: 1600000018000000420000004d000000
  - m_Vertices: 19000000250000004c0000006f000000
  - m_Vertices: 1a0000001c0000002100000024000000
  - m_Vertices: 22000000270000002a0000002e000000
  - m_Vertices: 230000002d0000003500000037000000
  - m_Vertices: 26000000280000007100000075000000790000007c000000
  - m_Vertices: 290000002b0000007b0000000101000003010000
  - m_Vertices: 2c00000038000000f400000000010000
  - m_Vertices: 31000000360000003a0000003e000000
  - m_Vertices: 320000003d000000de00000062010000
  - m_Vertices: 390000003b000000f300000088010000
  - m_Vertices: 3c0000006301000087010000
  - m_Vertices: 40000000430000004301000046010000
  - m_Vertices: 41000000460000004a0000004e000000
  - m_Vertices: 440000004f0000003701000042010000
  - m_Vertices: 4500000047000000520000005d000000
  - m_Vertices: 480000005c0000005f00000073000000
  - m_Vertices: 490000004b0000007000000072000000
  - m_Vertices: 50000000530000003301000036010000
  - m_Vertices: 51000000560000005a0000005e000000
  - m_Vertices: 540000008a00000032010000
  - m_Vertices: 55000000570000008700000089000000
  - m_Vertices: 580000006400000086000000ba000000
  - m_Vertices: 590000005b0000006000000063000000
  - m_Vertices: 61000000660000006a0000006e000000
  - m_Vertices: 620000006d0000007400000076000000
  - m_Vertices: 6500000067000000b7000000b9000000
  - m_Vertices: 68000000b600000006010000
  - m_Vertices: 690000006b0000000901000014010000
  - m_Vertices: 6c00000077000000f700000013010000
  - m_Vertices: 780000007a000000fa00000004010000
  - m_Vertices: 7d0000009a000000220100003f010000
  - m_Vertices: 7e000000810000009700000099000000
  - m_Vertices: 7f00000084000000880000008c000000
  - m_Vertices: 800000008b0000003501000040010000
  - m_Vertices: 8200000096000000aa000000ad000000
  - m_Vertices: 8300000085000000b0000000bb000000
  - m_Vertices: 8d000000ca0000002f010000
  - m_Vertices: 8e00000091000000c7000000c9000000
  - m_Vertices: 8f00000094000000980000009c000000
  - m_Vertices: 900000009b0000002501000030010000
  - m_Vertices: 920000009d000000c6000000ed000000
  - m_Vertices: 9300000095000000a0000000ab000000
  - m_Vertices: 9e000000a1000000ea000000ec000000
  - m_Vertices: 9f000000a4000000a8000000ac000000
  - m_Vertices: a2000000e90000001b010000
  - m_Vertices: a3000000a5000000170100001a010000
  - m_Vertices: a6000000b20000000b01000016010000
  - m_Vertices: a7000000a9000000ae000000b1000000
  - m_Vertices: af000000b4000000b8000000bc000000
  - m_Vertices: b3000000b5000000070100000a010000
  - m_Vertices: bd000000da0000002b0100005f010000
  - m_Vertices: be000000c1000000d7000000d9000000
  - m_Vertices: bf000000c4000000c8000000cc000000
  - m_Vertices: c0000000cb0000002c0100002e010000
  - m_Vertices: c2000000d6000000e2000000e4000000
  - m_Vertices: c3000000c5000000e7000000ee000000
  - m_Vertices: cf000000d4000000d8000000dc000000
  - m_Vertices: d0000000db0000005c0100005e010000
  - m_Vertices: d3000000d5000000e0000000e3000000
  - m_Vertices: df000000e1000000e5000000660100006c01000073010000
  - m_Vertices: e6000000eb000000ef00000077010000
  - m_Vertices: e80000001c010000760100008a010000
  - m_Vertices: f0000000fc0000000f0100001f010000
  - m_Vertices: f1000000f60000001e01000078010000840100008d010000
  - m_Vertices: f2000000f5000000fd000000ff000000
  - m_Vertices: f8000000fb0000001001000012010000
  - m_Vertices: f9000000fe0000000201000005010000
  - m_Vertices: 080100000d0100001101000015010000
  - m_Vertices: 0c0100000e0100001901000020010000
  - m_Vertices: 180100001d0100002101000089010000
  - m_Vertices: 23010000260100003c0100003e010000
  - m_Vertices: 24010000290100002d01000031010000
  - m_Vertices: 270100003b0100004f01000052010000
  - m_Vertices: 280100002a0100005501000060010000
  - m_Vertices: 34010000390100003d01000041010000
  - m_Vertices: 380100003a0100004501000050010000
  - m_Vertices: 44010000490100004d01000051010000
  - m_Vertices: 4c0100004e0100005301000056010000
  - m_Vertices: 54010000590100005d01000061010000
  - m_Vertices: 64010000700100008101000086010000
  - m_Vertices: 650100006d0100006f010000
  - m_Vertices: 67010000750100007d0100008b010000
  - m_Vertices: 680100006b01000074010000
  - m_Vertices: 690100006e01000072010000
  - m_Vertices: 6a010000710100007e01000080010000
  - m_Vertices: 790100007c0100008c010000
  - m_Vertices: 7a0100007f01000083010000
  - m_Vertices: 7b0100008201000085010000
  m_SharedTextures: []
  m_Positions:
  - {x: 0, y: 0, z: 0}
  - {x: 0.5, y: 0, z: 0}
  - {x: 0.5, y: 1, z: 0}
  - {x: 0.020641327, y: 1, z: 0}
  - {x: 0.5, y: 0, z: 0}
  - {x: 1, y: 0, z: 0}
  - {x: 1, y: 1, z: 0}
  - {x: 0.5, y: 1, z: 0}
  - {x: 1, y: 1, z: 0}
  - {x: 1, y: 2, z: 0}
  - {x: 0.5, y: 2, z: 0}
  - {x: 0.5, y: 1, z: 0}
  - {x: 0.5, y: 2, z: 0}
  - {x: 0.020641327, y: 2, z: 0}
  - {x: 0.020641327, y: 1, z: 0}
  - {x: 0.5, y: 1, z: 0}
  - {x: 1, y: 0, z: 0}
  - {x: 1.5, y: 0, z: 0}
  - {x: 1.5, y: 1, z: 0}
  - {x: 1, y: 1, z: 0}
  - {x: 1.5, y: 0, z: 0}
  - {x: 2, y: 0, z: 0}
  - {x: 2, y: 1, z: 0}
  - {x: 1.5, y: 1, z: 0}
  - {x: 2, y: 1, z: 0}
  - {x: 2, y: 2, z: 0}
  - {x: 1.5, y: 2, z: 0}
  - {x: 1.5, y: 1, z: 0}
  - {x: 1.5, y: 2, z: 0}
  - {x: 1, y: 2, z: 0}
  - {x: 1, y: 1, z: 0}
  - {x: 1.5, y: 1, z: 0}
  - {x: 1, y: 2, z: 0}
  - {x: 1.5, y: 2, z: 0}
  - {x: 1.5, y: 3, z: 0}
  - {x: 1, y: 3, z: 0}
  - {x: 1.5, y: 2, z: 0}
  - {x: 2, y: 2, z: 0}
  - {x: 2, y: 3, z: 0}
  - {x: 1.5, y: 3, z: 0}
  - {x: 2, y: 3, z: 0}
  - {x: 1.7641449, y: 4, z: 0}
  - {x: 1.5, y: 3, z: 0}
  - {x: 1.7641449, y: 4, z: 0}
  - {x: 1, y: 4, z: 0}
  - {x: 1, y: 3, z: 0}
  - {x: 1.5, y: 3, z: 0}
  - {x: 0.020641327, y: 2, z: 0}
  - {x: 0.5, y: 2, z: 0}
  - {x: 0.5, y: 3, z: 0}
  - {x: 0, y: 3, z: 0}
  - {x: 0.5, y: 2, z: 0}
  - {x: 1, y: 2, z: 0}
  - {x: 1, y: 3, z: 0}
  - {x: 0.5, y: 3, z: 0}
  - {x: 1, y: 3, z: 0}
  - {x: 1, y: 4, z: 0}
  - {x: 0.5, y: 4, z: 0}
  - {x: 0.5, y: 3, z: 0}
  - {x: 0.5, y: 4, z: 0}
  - {x: 0, y: 4, z: 0}
  - {x: 0, y: 3, z: 0}
  - {x: 0.5, y: 3, z: 0}
  - {x: 2, y: 0, z: 0}
  - {x: 2, y: 0, z: -0.5}
  - {x: 2, y: 1, z: -0.5}
  - {x: 2, y: 1, z: 0}
  - {x: 2, y: 0, z: -0.5}
  - {x: 2, y: 0, z: -1}
  - {x: 2, y: 1, z: -1}
  - {x: 2, y: 1, z: -0.5}
  - {x: 2, y: 1, z: -1}
  - {x: 2, y: 2, z: -1}
  - {x: 2, y: 2, z: -0.5}
  - {x: 2, y: 1, z: -0.5}
  - {x: 2, y: 2, z: -0.5}
  - {x: 2, y: 2, z: 0}
  - {x: 2, y: 1, z: 0}
  - {x: 2, y: 1, z: -0.5}
  - {x: 2, y: 0, z: -1}
  - {x: 2, y: 0, z: -1.5}
  - {x: 2, y: 1, z: -1.5}
  - {x: 2, y: 1, z: -1}
  - {x: 2, y: 0, z: -1.5}
  - {x: 2, y: 0, z: -2}
  - {x: 2, y: 1, z: -2}
  - {x: 2, y: 1, z: -1.5}
  - {x: 2, y: 1, z: -2}
  - {x: 2, y: 2, z: -2}
  - {x: 2, y: 2, z: -1.5}
  - {x: 2, y: 1, z: -1.5}
  - {x: 2, y: 2, z: -1.5}
  - {x: 2, y: 2, z: -1}
  - {x: 2, y: 1, z: -1}
  - {x: 2, y: 1, z: -1.5}
  - {x: 2, y: 2, z: -1}
  - {x: 2, y: 2, z: -1.5}
  - {x: 2, y: 3, z: -1.5}
  - {x: 2, y: 3, z: -1}
  - {x: 2, y: 2, z: -1.5}
  - {x: 2, y: 2, z: -2}
  - {x: 2, y: 3, z: -2}
  - {x: 2, y: 3, z: -1.5}
  - {x: 2, y: 3, z: -2}
  - {x: 2, y: 4, z: -2}
  - {x: 2, y: 4, z: -1.5}
  - {x: 2, y: 3, z: -1.5}
  - {x: 2, y: 4, z: -1.5}
  - {x: 2, y: 4, z: -1}
  - {x: 2, y: 3, z: -1}
  - {x: 2, y: 3, z: -1.5}
  - {x: 2, y: 2, z: 0}
  - {x: 2, y: 2, z: -0.5}
  - {x: 2, y: 3, z: 0}
  - {x: 2, y: 2, z: -0.5}
  - {x: 2, y: 2, z: -1}
  - {x: 2, y: 3, z: -1}
  - {x: 2, y: 3, z: 0}
  - {x: 2, y: 3, z: -1}
  - {x: 2, y: 4, z: -1}
  - {x: 2, y: 4, z: -0.28436852}
  - {x: 2, y: 3, z: 0}
  - {x: 2, y: 4, z: -0.28436852}
  - {x: 1.7641449, y: 4, z: 0}
  - {x: 2, y: 3, z: 0}
  - {x: 1, y: 0, z: -2}
  - {x: 1, y: 1, z: -2}
  - {x: 1.5, y: 1, z: -2}
  - {x: 1.5, y: 0, z: -2}
  - {x: 1, y: 1, z: -2}
  - {x: 1, y: 2, z: -2}
  - {x: 1.5, y: 2, z: -2}
  - {x: 1.5, y: 1, z: -2}
  - {x: 1.5, y: 2, z: -2}
  - {x: 2, y: 2, z: -2}
  - {x: 2, y: 1, z: -2}
  - {x: 1.5, y: 1, z: -2}
  - {x: 2, y: 1, z: -2}
  - {x: 2, y: 0, z: -2}
  - {x: 1.5, y: 0, z: -2}
  - {x: 1.5, y: 1, z: -2}
  - {x: 0, y: 0, z: -2}
  - {x: 0, y: 1, z: -2}
  - {x: 0.5, y: 1, z: -2}
  - {x: 0.5, y: 0, z: -2}
  - {x: 0, y: 1, z: -2}
  - {x: 0, y: 2, z: -2}
  - {x: 0.5, y: 2, z: -2}
  - {x: 0.5, y: 1, z: -2}
  - {x: 0.5, y: 2, z: -2}
  - {x: 1, y: 2, z: -2}
  - {x: 1, y: 1, z: -2}
  - {x: 0.5, y: 1, z: -2}
  - {x: 1, y: 1, z: -2}
  - {x: 1, y: 0, z: -2}
  - {x: 0.5, y: 0, z: -2}
  - {x: 0.5, y: 1, z: -2}
  - {x: 0, y: 2, z: -2}
  - {x: 0, y: 3, z: -2}
  - {x: 0.5, y: 3, z: -2}
  - {x: 0.5, y: 2, z: -2}
  - {x: 0, y: 3, z: -2}
  - {x: 0, y: 4, z: -2}
  - {x: 0.5, y: 4, z: -2}
  - {x: 0.5, y: 3, z: -2}
  - {x: 0.5, y: 4, z: -2}
  - {x: 1, y: 4, z: -2}
  - {x: 1, y: 3, z: -2}
  - {x: 0.5, y: 3, z: -2}
  - {x: 1, y: 3, z: -2}
  - {x: 1, y: 2, z: -2}
  - {x: 0.5, y: 2, z: -2}
  - {x: 0.5, y: 3, z: -2}
  - {x: 1, y: 2, z: -2}
  - {x: 1, y: 3, z: -2}
  - {x: 1.5, y: 3, z: -2}
  - {x: 1.5, y: 2, z: -2}
  - {x: 1, y: 3, z: -2}
  - {x: 1, y: 4, z: -2}
  - {x: 1.5, y: 4, z: -2}
  - {x: 1.5, y: 3, z: -2}
  - {x: 1.5, y: 4, z: -2}
  - {x: 2, y: 4, z: -2}
  - {x: 2, y: 3, z: -2}
  - {x: 1.5, y: 3, z: -2}
  - {x: 2, y: 3, z: -2}
  - {x: 2, y: 2, z: -2}
  - {x: 1.5, y: 2, z: -2}
  - {x: 1.5, y: 3, z: -2}
  - {x: 0, y: 0, z: -1}
  - {x: 0, y: 1, z: -1}
  - {x: 0, y: 1, z: -1.5}
  - {x: 0, y: 0, z: -1.5}
  - {x: 0, y: 1, z: -1}
  - {x: 0, y: 2, z: -1}
  - {x: 0, y: 2, z: -1.5}
  - {x: 0, y: 1, z: -1.5}
  - {x: 0, y: 2, z: -1.5}
  - {x: 0, y: 2, z: -2}
  - {x: 0, y: 1, z: -2}
  - {x: 0, y: 1, z: -1.5}
  - {x: 0, y: 1, z: -2}
  - {x: 0, y: 0, z: -2}
  - {x: 0, y: 0, z: -1.5}
  - {x: 0, y: 1, z: -1.5}
  - {x: 0, y: 0, z: 0}
  - {x: 0.020641327, y: 1, z: 0}
  - {x: 0, y: 1, z: -0.5}
  - {x: 0, y: 0, z: -0.5}
  - {x: 0.020641327, y: 1, z: 0}
  - {x: 0.020641327, y: 2, z: 0}
  - {x: 0, y: 2, z: -0.5}
  - {x: 0, y: 1, z: -0.5}
  - {x: 0, y: 2, z: -0.5}
  - {x: 0, y: 2, z: -1}
  - {x: 0, y: 1, z: -1}
  - {x: 0, y: 1, z: -0.5}
  - {x: 0, y: 1, z: -1}
  - {x: 0, y: 0, z: -1}
  - {x: 0, y: 0, z: -0.5}
  - {x: 0, y: 1, z: -0.5}
  - {x: 0.020641327, y: 2, z: 0}
  - {x: 0, y: 3, z: 0}
  - {x: 0, y: 3, z: -0.54738617}
  - {x: 0, y: 2, z: -0.5}
  - {x: 0, y: 3, z: -0.54738617}
  - {x: 0, y: 2, z: -1}
  - {x: 0, y: 2, z: -0.5}
  - {x: 0, y: 2, z: -1}
  - {x: 0, y: 3, z: -0.54738617}
  - {x: 0, y: 3, z: -1.5}
  - {x: 0, y: 2, z: -1.5}
  - {x: 0, y: 4, z: -1.5}
  - {x: 0, y: 4, z: -2}
  - {x: 0, y: 3, z: -2}
  - {x: 0, y: 3, z: -1.5}
  - {x: 0, y: 3, z: -2}
  - {x: 0, y: 2, z: -2}
  - {x: 0, y: 2, z: -1.5}
  - {x: 0, y: 3, z: -1.5}
  - {x: 1, y: 4, z: -1}
  - {x: 0.5, y: 4, z: -0.5}
  - {x: 1, y: 4, z: -0.5}
  - {x: 0.5, y: 4, z: 0}
  - {x: 1, y: 4, z: 0}
  - {x: 1, y: 4, z: -0.5}
  - {x: 0.5, y: 4, z: -0.5}
  - {x: 2, y: 4, z: -1}
  - {x: 1.5, y: 4, z: -1}
  - {x: 1.5, y: 4, z: -0.5}
  - {x: 2, y: 4, z: -0.28436852}
  - {x: 1.5, y: 4, z: -1}
  - {x: 1, y: 4, z: -1}
  - {x: 1, y: 4, z: -0.5}
  - {x: 1.5, y: 4, z: -0.5}
  - {x: 1, y: 4, z: -0.5}
  - {x: 1, y: 4, z: 0}
  - {x: 1.7641449, y: 4, z: 0}
  - {x: 1.5, y: 4, z: -0.5}
  - {x: 1.7641449, y: 4, z: 0}
  - {x: 2, y: 4, z: -0.28436852}
  - {x: 1.5, y: 4, z: -0.5}
  - {x: 2, y: 4, z: -2}
  - {x: 1.5, y: 4, z: -2}
  - {x: 1.5, y: 4, z: -1.5}
  - {x: 2, y: 4, z: -1.5}
  - {x: 1.5, y: 4, z: -2}
  - {x: 1, y: 4, z: -2}
  - {x: 1, y: 4, z: -1.5}
  - {x: 1.5, y: 4, z: -1.5}
  - {x: 1, y: 4, z: -1.5}
  - {x: 1, y: 4, z: -1}
  - {x: 1.5, y: 4, z: -1}
  - {x: 1.5, y: 4, z: -1.5}
  - {x: 1.5, y: 4, z: -1}
  - {x: 2, y: 4, z: -1}
  - {x: 2, y: 4, z: -1.5}
  - {x: 1.5, y: 4, z: -1.5}
  - {x: 1, y: 4, z: -2}
  - {x: 0.5, y: 4, z: -2}
  - {x: 0.5, y: 4, z: -1.5}
  - {x: 1, y: 4, z: -1.5}
  - {x: 0.5, y: 4, z: -2}
  - {x: 0, y: 4, z: -2}
  - {x: 0, y: 4, z: -1.5}
  - {x: 0.5, y: 4, z: -1.5}
  - {x: 0.5, y: 4, z: -0.5}
  - {x: 1, y: 4, z: -1}
  - {x: 1, y: 4, z: -1.5}
  - {x: 0.5, y: 4, z: -1.5}
  - {x: 1, y: 0, z: -2}
  - {x: 1, y: 0, z: -1.5}
  - {x: 0.5, y: 0, z: -1.5}
  - {x: 0.5, y: 0, z: -2}
  - {x: 1, y: 0, z: -1.5}
  - {x: 1, y: 0, z: -1}
  - {x: 0.5, y: 0, z: -1}
  - {x: 0.5, y: 0, z: -1.5}
  - {x: 0.5, y: 0, z: -1}
  - {x: 0, y: 0, z: -1}
  - {x: 0, y: 0, z: -1.5}
  - {x: 0.5, y: 0, z: -1.5}
  - {x: 0, y: 0, z: -1.5}
  - {x: 0, y: 0, z: -2}
  - {x: 0.5, y: 0, z: -2}
  - {x: 0.5, y: 0, z: -1.5}
  - {x: 2, y: 0, z: -2}
  - {x: 2, y: 0, z: -1.5}
  - {x: 1.5, y: 0, z: -1.5}
  - {x: 1.5, y: 0, z: -2}
  - {x: 2, y: 0, z: -1.5}
  - {x: 2, y: 0, z: -1}
  - {x: 1.5, y: 0, z: -1}
  - {x: 1.5, y: 0, z: -1.5}
  - {x: 1.5, y: 0, z: -1}
  - {x: 1, y: 0, z: -1}
  - {x: 1, y: 0, z: -1.5}
  - {x: 1.5, y: 0, z: -1.5}
  - {x: 1, y: 0, z: -1.5}
  - {x: 1, y: 0, z: -2}
  - {x: 1.5, y: 0, z: -2}
  - {x: 1.5, y: 0, z: -1.5}
  - {x: 2, y: 0, z: -1}
  - {x: 2, y: 0, z: -0.5}
  - {x: 1.5, y: 0, z: -0.5}
  - {x: 1.5, y: 0, z: -1}
  - {x: 2, y: 0, z: -0.5}
  - {x: 2, y: 0, z: 0}
  - {x: 1.5, y: 0, z: 0}
  - {x: 1.5, y: 0, z: -0.5}
  - {x: 1.5, y: 0, z: 0}
  - {x: 1, y: 0, z: 0}
  - {x: 1, y: 0, z: -0.5}
  - {x: 1.5, y: 0, z: -0.5}
  - {x: 1, y: 0, z: -0.5}
  - {x: 1, y: 0, z: -1}
  - {x: 1.5, y: 0, z: -1}
  - {x: 1.5, y: 0, z: -0.5}
  - {x: 1, y: 0, z: -1}
  - {x: 1, y: 0, z: -0.5}
  - {x: 0.5, y: 0, z: -0.5}
  - {x: 0.5, y: 0, z: -1}
  - {x: 1, y: 0, z: -0.5}
  - {x: 1, y: 0, z: 0}
  - {x: 0.5, y: 0, z: 0}
  - {x: 0.5, y: 0, z: -0.5}
  - {x: 0.5, y: 0, z: 0}
  - {x: 0, y: 0, z: 0}
  - {x: 0, y: 0, z: -0.5}
  - {x: 0.5, y: 0, z: -0.5}
  - {x: 0, y: 0, z: -0.5}
  - {x: 0, y: 0, z: -1}
  - {x: 0.5, y: 0, z: -1}
  - {x: 0.5, y: 0, z: -0.5}
  - {x: 0, y: 3, z: 0}
  - {x: 0, y: 4, z: 0}
  - {x: 0, y: 4, z: -0.5}
  - {x: 0, y: 3.5, z: -0.5236931}
  - {x: 0, y: 3, z: -0.54738617}
  - {x: 0, y: 4, z: -0.5956898}
  - {x: 0, y: 3.5, z: -0.571538}
  - {x: 0.030702591, y: 3.666667, z: -0.5476923}
  - {x: 0.030702591, y: 3.9736824, z: -0.5478449}
  - {x: 0, y: 3.5, z: -0.571538}
  - {x: 0, y: 3, z: -0.54738617}
  - {x: 0, y: 3.5, z: -0.5236931}
  - {x: 0.030702591, y: 3.666667, z: -0.5476923}
  - {x: 0, y: 3.5, z: -0.5236931}
  - {x: 0, y: 4, z: -0.5}
  - {x: 0.030702591, y: 3.9736824, z: -0.5478449}
  - {x: 0.030702591, y: 3.666667, z: -0.5476923}
  - {x: 0, y: 3, z: -0.54738617}
  - {x: 0, y: 3.5, z: -0.571538}
  - {x: 0, y: 4, z: -0.5956898}
  - {x: 0, y: 4, z: -1.5}
  - {x: 0, y: 3, z: -1.5}
  - {x: 0.5, y: 4, z: -0.5}
  - {x: 0.25, y: 4, z: -0.5478449}
  - {x: 0.16666603, y: 3.9736824, z: -0.5318966}
  - {x: 0.25, y: 4, z: -0.5}
  - {x: 0.25, y: 4, z: -0.5478449}
  - {x: 0, y: 4, z: -0.5956898}
  - {x: 0.030702591, y: 3.9736824, z: -0.5478449}
  - {x: 0.16666603, y: 3.9736824, z: -0.5318966}
  - {x: 0.030702591, y: 3.9736824, z: -0.5478449}
  - {x: 0, y: 4, z: -0.5}
  - {x: 0.25, y: 4, z: -0.5}
  - {x: 0.16666603, y: 3.9736824, z: -0.5318966}
  - {x: 0.5, y: 4, z: -0.5}
  - {x: 0.25, y: 4, z: -0.5}
  - {x: 0, y: 4, z: -0.5}
  - {x: 0, y: 4, z: 0}
  - {x: 0.5, y: 4, z: 0}
  - {x: 0.5, y: 4, z: -1.5}
  - {x: 0, y: 4, z: -1.5}
  - {x: 0, y: 4, z: -0.5956898}
  - {x: 0.25, y: 4, z: -0.5478449}
  - {x: 0.5, y: 4, z: -0.5}
  m_Textures0:
  - {x: 0, y: 0}
  - {x: -0.5, y: 0}
  - {x: -0.5, y: 1}
  - {x: -0.020641327, y: 1}
  - {x: -0.5, y: 0}
  - {x: -1, y: 0}
  - {x: -1, y: 1}
  - {x: -0.5, y: 1}
  - {x: -1, y: 1}
  - {x: -1, y: 2}
  - {x: -0.5, y: 2}
  - {x: -0.5, y: 1}
  - {x: -0.5, y: 2}
  - {x: -0.020641327, y: 2}
  - {x: -0.020641327, y: 1}
  - {x: -0.5, y: 1}
  - {x: -1, y: 0}
  - {x: -1.5, y: 0}
  - {x: -1.5, y: 1}
  - {x: -1, y: 1}
  - {x: -1.5, y: 0}
  - {x: -2, y: 0}
  - {x: -2, y: 1}
  - {x: -1.5, y: 1}
  - {x: -2, y: 1}
  - {x: -2, y: 2}
  - {x: -1.5, y: 2}
  - {x: -1.5, y: 1}
  - {x: -1.5, y: 2}
  - {x: -1, y: 2}
  - {x: -1, y: 1}
  - {x: -1.5, y: 1}
  - {x: -1, y: 2}
  - {x: -1.5, y: 2}
  - {x: -1.5, y: 3}
  - {x: -1, y: 3}
  - {x: -1.5, y: 2}
  - {x: -2, y: 2}
  - {x: -2, y: 3}
  - {x: -1.5, y: 3}
  - {x: -2, y: 3}
  - {x: -1.7641449, y: 4}
  - {x: -1.5, y: 3}
  - {x: -1.7641449, y: 4}
  - {x: -1, y: 4}
  - {x: -1, y: 3}
  - {x: -1.5, y: 3}
  - {x: -0.020641327, y: 2}
  - {x: -0.5, y: 2}
  - {x: -0.5, y: 3}
  - {x: 0, y: 3}
  - {x: -0.5, y: 2}
  - {x: -1, y: 2}
  - {x: -1, y: 3}
  - {x: -0.5, y: 3}
  - {x: -1, y: 3}
  - {x: -1, y: 4}
  - {x: -0.5, y: 4}
  - {x: -0.5, y: 3}
  - {x: -0.5, y: 4}
  - {x: 0, y: 4}
  - {x: 0, y: 3}
  - {x: -0.5, y: 3}
  - {x: -0.07966206, y: -0.022633955}
  - {x: -0.5792653, y: -0.022408392}
  - {x: -0.5792653, y: 0.9775275}
  - {x: -0.07966206, y: 0.9773019}
  - {x: -0.5792653, y: -0.022408392}
  - {x: -1.0788685, y: -0.02218283}
  - {x: -1.0788685, y: 0.97775304}
  - {x: -0.5792653, y: 0.9775275}
  - {x: -1.0788685, y: 0.97775304}
  - {x: -1.0788685, y: 1.9776889}
  - {x: -0.5792653, y: 1.9774634}
  - {x: -0.5792653, y: 0.9775275}
  - {x: -0.5792653, y: 1.9774634}
  - {x: -0.07966206, y: 1.9772378}
  - {x: -0.07966206, y: 0.9773019}
  - {x: -0.5792653, y: 0.9775275}
  - {x: -1.0788685, y: -0.02218283}
  - {x: -1.5784717, y: -0.021957267}
  - {x: -1.5784717, y: 0.9779786}
  - {x: -1.0788685, y: 0.97775304}
  - {x: -1.5784717, y: -0.021957267}
  - {x: -2.078075, y: -0.021731704}
  - {x: -2.078075, y: 0.97820413}
  - {x: -1.5784717, y: 0.9779786}
  - {x: -2.078075, y: 0.97820413}
  - {x: -2.078075, y: 1.97814}
  - {x: -1.5784717, y: 1.9779145}
  - {x: -1.5784717, y: 0.9779786}
  - {x: -1.5784717, y: 1.9779145}
  - {x: -1.0788685, y: 1.9776889}
  - {x: -1.0788685, y: 0.97775304}
  - {x: -1.5784717, y: 0.9779786}
  - {x: -1.0788685, y: 1.9776889}
  - {x: -1.5784717, y: 1.9779145}
  - {x: -1.5784717, y: 2.9778504}
  - {x: -1.0788685, y: 2.9776247}
  - {x: -1.5784717, y: 1.9779145}
  - {x: -2.078075, y: 1.97814}
  - {x: -2.078075, y: 2.978076}
  - {x: -1.5784717, y: 2.9778504}
  - {x: -2.078075, y: 2.978076}
  - {x: -2.078075, y: 3.9780118}
  - {x: -1.5784717, y: 3.9777863}
  - {x: -1.5784717, y: 2.9778504}
  - {x: -1.5784717, y: 3.9777863}
  - {x: -1.0788685, y: 3.9775605}
  - {x: -1.0788685, y: 2.9776247}
  - {x: -1.5784717, y: 2.9778504}
  - {x: -0.07966206, y: 1.9772378}
  - {x: -0.5792653, y: 1.9774634}
  - {x: -0.07966206, y: 2.9771736}
  - {x: -0.5792653, y: 1.9774634}
  - {x: -1.0788685, y: 1.9776889}
  - {x: -1.0788685, y: 2.9776247}
  - {x: -0.07966206, y: 2.9771736}
  - {x: -1.0788685, y: 2.9776247}
  - {x: -1.0788685, y: 3.9775605}
  - {x: -0.3638049, y: 3.9772377}
  - {x: -0.07966206, y: 2.9771736}
  - {x: -0.3638049, y: 3.9772377}
  - {x: -0.07026771, y: 3.9797788}
  - {x: -0.07966206, y: 2.9771736}
  - {x: 1, y: 0}
  - {x: 1, y: 1}
  - {x: 1.5, y: 1}
  - {x: 1.5, y: 0}
  - {x: 1, y: 1}
  - {x: 1, y: 2}
  - {x: 1.5, y: 2}
  - {x: 1.5, y: 1}
  - {x: 1.5, y: 2}
  - {x: 2, y: 2}
  - {x: 2, y: 1}
  - {x: 1.5, y: 1}
  - {x: 2, y: 1}
  - {x: 2, y: 0}
  - {x: 1.5, y: 0}
  - {x: 1.5, y: 1}
  - {x: 0, y: 0}
  - {x: 0, y: 1}
  - {x: 0.5, y: 1}
  - {x: 0.5, y: 0}
  - {x: 0, y: 1}
  - {x: 0, y: 2}
  - {x: 0.5, y: 2}
  - {x: 0.5, y: 1}
  - {x: 0.5, y: 2}
  - {x: 1, y: 2}
  - {x: 1, y: 1}
  - {x: 0.5, y: 1}
  - {x: 1, y: 1}
  - {x: 1, y: 0}
  - {x: 0.5, y: 0}
  - {x: 0.5, y: 1}
  - {x: 0, y: 2}
  - {x: 0, y: 3}
  - {x: 0.5, y: 3}
  - {x: 0.5, y: 2}
  - {x: 0, y: 3}
  - {x: 0, y: 4}
  - {x: 0.5, y: 4}
  - {x: 0.5, y: 3}
  - {x: 0.5, y: 4}
  - {x: 1, y: 4}
  - {x: 1, y: 3}
  - {x: 0.5, y: 3}
  - {x: 1, y: 3}
  - {x: 1, y: 2}
  - {x: 0.5, y: 2}
  - {x: 0.5, y: 3}
  - {x: 1, y: 2}
  - {x: 1, y: 3}
  - {x: 1.5, y: 3}
  - {x: 1.5, y: 2}
  - {x: 1, y: 3}
  - {x: 1, y: 4}
  - {x: 1.5, y: 4}
  - {x: 1.5, y: 3}
  - {x: 1.5, y: 4}
  - {x: 2, y: 4}
  - {x: 2, y: 3}
  - {x: 1.5, y: 3}
  - {x: 2, y: 3}
  - {x: 2, y: 2}
  - {x: 1.5, y: 2}
  - {x: 1.5, y: 3}
  - {x: 0.9999891, y: 0.00004800434}
  - {x: 0.9999891, y: 0.99999535}
  - {x: 1.4999837, y: 1.0000194}
  - {x: 1.4999837, y: 0.000072006515}
  - {x: 0.9999891, y: 0.99999535}
  - {x: 0.9999891, y: 1.9999428}
  - {x: 1.4999837, y: 1.9999667}
  - {x: 1.4999837, y: 1.0000194}
  - {x: 1.4999837, y: 1.9999667}
  - {x: 1.9999782, y: 1.9999907}
  - {x: 1.9999782, y: 1.0000434}
  - {x: 1.4999837, y: 1.0000194}
  - {x: 1.9999782, y: 1.0000434}
  - {x: 1.9999782, y: 0.00009600868}
  - {x: 1.4999837, y: 0.000072006515}
  - {x: 1.4999837, y: 1.0000194}
  - {x: 0, y: 0}
  - {x: -0.000096629905, y: 1.000159}
  - {x: 0.49999455, y: 0.9999714}
  - {x: 0.49999455, y: 0.00002400217}
  - {x: -0.000096629905, y: 1.000159}
  - {x: -0.000096629905, y: 2.0001063}
  - {x: 0.49999455, y: 1.9999187}
  - {x: 0.49999455, y: 0.9999714}
  - {x: 0.49999455, y: 1.9999187}
  - {x: 0.9999891, y: 1.9999428}
  - {x: 0.9999891, y: 0.99999535}
  - {x: 0.49999455, y: 0.9999714}
  - {x: 0.9999891, y: 0.99999535}
  - {x: 0.9999891, y: 0.00004800434}
  - {x: 0.49999455, y: 0.00002400217}
  - {x: 0.49999455, y: 0.9999714}
  - {x: -0.000096629905, y: 2.0001063}
  - {x: 0, y: 2.9998422}
  - {x: 0.5473802, y: 2.9998684}
  - {x: 0.49999455, y: 1.9999187}
  - {x: 0.5473802, y: 2.9998684}
  - {x: 0.9999891, y: 1.9999428}
  - {x: 0.49999455, y: 1.9999187}
  - {x: 0.9999891, y: 1.9999428}
  - {x: 0.5473802, y: 2.9998684}
  - {x: 1.4999837, y: 2.9999142}
  - {x: 1.4999837, y: 1.9999667}
  - {x: 1.4999837, y: 3.9998615}
  - {x: 1.9999782, y: 3.9998856}
  - {x: 1.9999782, y: 2.999938}
  - {x: 1.4999837, y: 2.9999142}
  - {x: 1.9999782, y: 2.999938}
  - {x: 1.9999782, y: 1.9999907}
  - {x: 1.4999837, y: 1.9999667}
  - {x: 1.4999837, y: 2.9999142}
  - {x: 1.0152997, y: -1.0400066}
  - {x: 0.5153033, y: -0.5400509}
  - {x: 1.0152997, y: -0.54003173}
  - {x: 0.5153033, y: -0.04007602}
  - {x: 1.0152997, y: -0.04005684}
  - {x: 1.0152997, y: -0.54003173}
  - {x: 0.5153033, y: -0.5400509}
  - {x: 2.0152924, y: -1.0399683}
  - {x: 1.515296, y: -1.0399874}
  - {x: 1.515296, y: -0.54001254}
  - {x: 2.0152924, y: -0.3243727}
  - {x: 1.515296, y: -1.0399874}
  - {x: 1.0152997, y: -1.0400066}
  - {x: 1.0152997, y: -0.54003173}
  - {x: 1.515296, y: -0.54001254}
  - {x: 1.0152997, y: -0.54003173}
  - {x: 1.0152997, y: -0.04005684}
  - {x: 1.779439, y: -0.04002753}
  - {x: 1.515296, y: -0.54001254}
  - {x: 1.779439, y: -0.04002753}
  - {x: 2.0152924, y: -0.3243727}
  - {x: 1.515296, y: -0.54001254}
  - {x: 2.0152924, y: -2.039918}
  - {x: 1.515296, y: -2.0399373}
  - {x: 1.515296, y: -1.5399623}
  - {x: 2.0152924, y: -1.5399431}
  - {x: 1.515296, y: -2.0399373}
  - {x: 1.0152997, y: -2.0399563}
  - {x: 1.0152997, y: -1.5399815}
  - {x: 1.515296, y: -1.5399623}
  - {x: 1.0152997, y: -1.5399815}
  - {x: 1.0152997, y: -1.0400066}
  - {x: 1.515296, y: -1.0399874}
  - {x: 1.515296, y: -1.5399623}
  - {x: 1.515296, y: -1.0399874}
  - {x: 2.0152924, y: -1.0399683}
  - {x: 2.0152924, y: -1.5399431}
  - {x: 1.515296, y: -1.5399623}
  - {x: 1.0152997, y: -2.0399563}
  - {x: 0.5153033, y: -2.0399756}
  - {x: 0.5153033, y: -1.5400007}
  - {x: 1.0152997, y: -1.5399815}
  - {x: 0.5153033, y: -2.0399756}
  - {x: 0.015306962, y: -2.0399947}
  - {x: 0.015306962, y: -1.5400199}
  - {x: 0.5153033, y: -1.5400007}
  - {x: 0.5153033, y: -0.5400509}
  - {x: 1.0152997, y: -1.0400066}
  - {x: 1.0152997, y: -1.5399815}
  - {x: 0.5153033, y: -1.5400007}
  - {x: -1, y: -2}
  - {x: -1, y: -1.5}
  - {x: -0.5, y: -1.5}
  - {x: -0.5, y: -2}
  - {x: -1, y: -1.5}
  - {x: -1, y: -1}
  - {x: -0.5, y: -1}
  - {x: -0.5, y: -1.5}
  - {x: -0.5, y: -1}
  - {x: 0, y: -1}
  - {x: 0, y: -1.5}
  - {x: -0.5, y: -1.5}
  - {x: 0, y: -1.5}
  - {x: 0, y: -2}
  - {x: -0.5, y: -2}
  - {x: -0.5, y: -1.5}
  - {x: -2, y: -2}
  - {x: -2, y: -1.5}
  - {x: -1.5, y: -1.5}
  - {x: -1.5, y: -2}
  - {x: -2, y: -1.5}
  - {x: -2, y: -1}
  - {x: -1.5, y: -1}
  - {x: -1.5, y: -1.5}
  - {x: -1.5, y: -1}
  - {x: -1, y: -1}
  - {x: -1, y: -1.5}
  - {x: -1.5, y: -1.5}
  - {x: -1, y: -1.5}
  - {x: -1, y: -2}
  - {x: -1.5, y: -2}
  - {x: -1.5, y: -1.5}
  - {x: -2, y: -1}
  - {x: -2, y: -0.5}
  - {x: -1.5, y: -0.5}
  - {x: -1.5, y: -1}
  - {x: -2, y: -0.5}
  - {x: -2, y: 0}
  - {x: -1.5, y: 0}
  - {x: -1.5, y: -0.5}
  - {x: -1.5, y: 0}
  - {x: -1, y: 0}
  - {x: -1, y: -0.5}
  - {x: -1.5, y: -0.5}
  - {x: -1, y: -0.5}
  - {x: -1, y: -1}
  - {x: -1.5, y: -1}
  - {x: -1.5, y: -0.5}
  - {x: -1, y: -1}
  - {x: -1, y: -0.5}
  - {x: -0.5, y: -0.5}
  - {x: -0.5, y: -1}
  - {x: -1, y: -0.5}
  - {x: -1, y: 0}
  - {x: -0.5, y: 0}
  - {x: -0.5, y: -0.5}
  - {x: -0.5, y: 0}
  - {x: 0, y: 0}
  - {x: 0, y: -0.5}
  - {x: -0.5, y: -0.5}
  - {x: 0, y: -0.5}
  - {x: 0, y: -1}
  - {x: -0.5, y: -1}
  - {x: -0.5, y: -0.5}
  - {x: 0, y: 2.9998422}
  - {x: 0, y: 3.9997895}
  - {x: 0.49999455, y: 3.9998136}
  - {x: 0.52368736, y: 3.499841}
  - {x: 0.5473802, y: 2.9998684}
  - {x: 0.5956833, y: 3.999818}
  - {x: 0.5715317, y: 3.4998431}
  - {x: 0.5475426, y: 3.666815}
  - {x: 0.54769516, y: 3.9738145}
  - {x: 0.5715317, y: 3.4998431}
  - {x: 0.5473802, y: 2.9998684}
  - {x: 0.52368736, y: 3.499841}
  - {x: 0.5475426, y: 3.666815}
  - {x: 0.52368736, y: 3.499841}
  - {x: 0.49999455, y: 3.9998136}
  - {x: 0.54769516, y: 3.9738145}
  - {x: 0.5475426, y: 3.666815}
  - {x: 0.5473802, y: 2.9998684}
  - {x: 0.5715317, y: 3.4998431}
  - {x: 0.5956833, y: 3.999818}
  - {x: 1.4999837, y: 3.9998615}
  - {x: 1.4999837, y: 2.9999142}
  - {x: 0.5153033, y: -0.5400509}
  - {x: 0.26530513, y: -0.58790296}
  - {x: 0.18187106, y: -0.57169485}
  - {x: 0.26530513, y: -0.54006046}
  - {x: 0.26530513, y: -0.58790296}
  - {x: 0.015306962, y: -0.63575506}
  - {x: 0.04590862, y: -0.58764756}
  - {x: 0.18187106, y: -0.57169485}
  - {x: 0.04590862, y: -0.58764756}
  - {x: 0.015306962, y: -0.54007006}
  - {x: 0.26530513, y: -0.54006046}
  - {x: 0.18187106, y: -0.57169485}
  - {x: 0.5153033, y: -0.5400509}
  - {x: 0.26530513, y: -0.54006046}
  - {x: 0.015306962, y: -0.54007006}
  - {x: 0.015306962, y: -0.0400952}
  - {x: 0.5153033, y: -0.04007602}
  - {x: 0.5153033, y: -1.5400007}
  - {x: 0.015306962, y: -1.5400199}
  - {x: 0.015306962, y: -0.63575506}
  - {x: 0.26530513, y: -0.58790296}
  - {x: 0.5153033, y: -0.5400509}
  m_Textures2: []
  m_Textures3: []
  m_Tangents:
  - {x: -1, y: 0, z: 0, w: -1}
  - {x: -1, y: 0, z: 0, w: -1}
  - {x: -1, y: 0, z: 0, w: -1}
  - {x: -1, y: 0, z: 0, w: -1}
  - {x: -1, y: 0, z: 0, w: -1}
  - {x: -1, y: 0, z: 0, w: -1}
  - {x: -1, y: 0, z: 0, w: -1}
  - {x: -1, y: 0, z: 0, w: -1}
  - {x: -1, y: 0, z: 0, w: -1}
  - {x: -1, y: 0, z: 0, w: -1}
  - {x: -1, y: 0, z: 0, w: -1}
  - {x: -1, y: 0, z: 0, w: -1}
  - {x: -1, y: 0, z: 0, w: -1}
  - {x: -1, y: 0, z: 0, w: -1}
  - {x: -1, y: 0, z: 0, w: -1}
  - {x: -1, y: 0, z: 0, w: -1}
  - {x: -1, y: 0, z: 0, w: -1}
  - {x: -1, y: 0, z: 0, w: -1}
  - {x: -1, y: 0, z: 0, w: -1}
  - {x: -1, y: 0, z: 0, w: -1}
  - {x: -1, y: 0, z: 0, w: -1}
  - {x: -1, y: 0, z: 0, w: -1}
  - {x: -1, y: 0, z: 0, w: -1}
  - {x: -1, y: 0, z: 0, w: -1}
  - {x: -1, y: 0, z: 0, w: -1}
  - {x: -1, y: 0, z: 0, w: -1}
  - {x: -1, y: 0, z: 0, w: -1}
  - {x: -1, y: 0, z: 0, w: -1}
  - {x: -1, y: 0, z: 0, w: -1}
  - {x: -1, y: 0, z: 0, w: -1}
  - {x: -1, y: 0, z: 0, w: -1}
  - {x: -1, y: 0, z: 0, w: -1}
  - {x: -1, y: 0, z: 0, w: -1}
  - {x: -1, y: 0, z: 0, w: -1}
  - {x: -1, y: 0, z: 0, w: -1}
  - {x: -1, y: 0, z: 0, w: -1}
  - {x: -1, y: 0, z: 0, w: -1}
  - {x: -1, y: 0, z: 0, w: -1}
  - {x: -1, y: 0, z: 0, w: -1}
  - {x: -1, y: 0, z: 0, w: -1}
  - {x: -1, y: 0, z: 0, w: -1}
  - {x: -1, y: 0, z: 0, w: -1}
  - {x: -1, y: 0, z: 0, w: -1}
  - {x: -1, y: 0, z: 0, w: -1}
  - {x: -1, y: 0, z: 0, w: -1}
  - {x: -1, y: 0, z: 0, w: -1}
  - {x: -1, y: 0, z: 0, w: -1}
  - {x: -1, y: 0, z: 0, w: -1}
  - {x: -1, y: 0, z: 0, w: -1}
  - {x: -1, y: 0, z: 0, w: -1}
  - {x: -1, y: 0, z: 0, w: -1}
  - {x: -1, y: 0, z: 0, w: -1}
  - {x: -1, y: 0, z: 0, w: -1}
  - {x: -1, y: 0, z: 0, w: -1}
  - {x: -1, y: 0, z: 0, w: -1}
  - {x: -1, y: 0, z: 0, w: -1}
  - {x: -1, y: 0, z: 0, w: -1}
  - {x: -1, y: 0, z: 0, w: -1}
  - {x: -1, y: 0, z: 0, w: -1}
  - {x: -1, y: 0, z: 0, w: -1}
  - {x: -1, y: 0, z: 0, w: -1}
  - {x: -1, y: 0, z: 0, w: -1}
  - {x: -1, y: 0, z: 0, w: -1}
  - {x: 0, y: 0.00045119505, z: 0.9999999, w: -1}
  - {x: 0, y: 0.0004511541, z: 0.9999999, w: -1}
  - {x: 0, y: 0.00045119505, z: 0.9999999, w: -1}
  - {x: 0, y: 0.00045123603, z: 0.9999999, w: -1}
  - {x: 0, y: 0.0004511355, z: 0.9999999, w: -1}
  - {x: 0, y: 0.0004511541, z: 0.9999999, w: -1}
  - {x: 0, y: 0.0004511355, z: 0.9999999, w: -1}
  - {x: 0, y: 0.0004511168, z: 0.9999999, w: -1}
  - {x: 0, y: 0.0004511168, z: 0.9999999, w: -1}
  - {x: 0, y: 0.0004511168, z: 0.9999999, w: -1}
  - {x: 0, y: 0.0004511168, z: 0.9999999, w: -1}
  - {x: 0, y: 0.0004511168, z: 0.9999999, w: -1}
  - {x: 0, y: 0.00045117646, z: 0.9999999, w: -1}
  - {x: 0, y: 0.0004511168, z: 0.9999999, w: -1}
  - {x: 0, y: 0.00045117646, z: 0.9999999, w: -1}
  - {x: 0, y: 0.00045123606, z: 0.9999999, w: -1}
  - {x: 0, y: 0.00045113545, z: 0.9999999, w: -1}
  - {x: 0, y: 0.0004511541, z: 0.9999999, w: -1}
  - {x: 0, y: 0.00045113545, z: 0.9999999, w: -1}
  - {x: 0, y: 0.00045111682, z: 0.9999999, w: -1}
  - {x: 0, y: 0.00045113545, z: 0.9999999, w: -1}
  - {x: 0, y: 0.0004511541, z: 0.9999999, w: -1}
  - {x: 0, y: 0.00045113545, z: 0.9999999, w: -1}
  - {x: 0, y: 0.0004511168, z: 0.9999999, w: -1}
  - {x: 0, y: 0.0004511168, z: 0.9999999, w: -1}
  - {x: 0, y: 0.0004511168, z: 0.9999999, w: -1}
  - {x: 0, y: 0.0004511168, z: 0.9999999, w: -1}
  - {x: 0, y: 0.0004511168, z: 0.9999999, w: -1}
  - {x: 0, y: 0.00045111682, z: 0.9999999, w: -1}
  - {x: 0, y: 0.00045111682, z: 0.9999999, w: -1}
  - {x: 0, y: 0.00045111682, z: 0.9999999, w: -1}
  - {x: 0, y: 0.00045111682, z: 0.9999999, w: -1}
  - {x: 0, y: 0.00045135524, z: 0.9999999, w: -1}
  - {x: 0, y: 0.00045111676, z: 0.9999999, w: -1}
  - {x: 0, y: 0.00045135524, z: 0.9999999, w: -1}
  - {x: 0, y: 0.00045159375, z: 0.9999999, w: -1}
  - {x: 0, y: 0.00045111674, z: 0.9999999, w: -1}
  - {x: 0, y: 0.00045111674, z: 0.9999999, w: -1}
  - {x: 0, y: 0.00045111674, z: 0.9999999, w: -1}
  - {x: 0, y: 0.00045111674, z: 0.9999999, w: -1}
  - {x: 0, y: 0.0004511168, z: 0.9999999, w: -1}
  - {x: 0, y: 0.0004511168, z: 0.9999999, w: -1}
  - {x: 0, y: 0.0004511168, z: 0.9999999, w: -1}
  - {x: 0, y: 0.0004511168, z: 0.9999999, w: -1}
  - {x: 0, y: 0.0004515937, z: 0.9999999, w: -1}
  - {x: 0, y: 0.0004515937, z: 0.9999999, w: -1}
  - {x: 0, y: 0.0004515937, z: 0.9999999, w: -1}
  - {x: 0, y: 0.0004515937, z: 0.9999999, w: -1}
  - {x: 0, y: 0.00045111685, z: 0.9999999, w: -1}
  - {x: 0, y: 0.00045111685, z: 0.9999999, w: -1}
  - {x: 0, y: 0.00045111685, z: 0.9999999, w: -1}
  - {x: 0, y: 0.00045111685, z: 0.9999999, w: -1}
  - {x: 0, y: 0.00045111685, z: 0.9999999, w: -1}
  - {x: 0, y: 0.00045111685, z: 0.9999999, w: -1}
  - {x: 0, y: 0.00045111685, z: 0.9999999, w: -1}
  - {x: 0, y: 0.0004511168, z: 0.9999999, w: -1}
  - {x: 0, y: 0.00045112104, z: 0.9999999, w: -1}
  - {x: 0, y: 0.00045112523, z: 0.9999999, w: -1}
  - {x: 0, y: 0.00045112104, z: 0.9999999, w: -1}
  - {x: -0.63742065, y: -0.0068670358, z: 0.77048546, w: -1}
  - {x: -0.63742065, y: -0.0068670358, z: 0.77048546, w: -1}
  - {x: -0.63742065, y: -0.0068670358, z: 0.77048546, w: -1}
  - {x: 1, y: 0, z: 0, w: -1}
  - {x: 1, y: 0, z: 0, w: -1}
  - {x: 1, y: 0, z: 0, w: -1}
  - {x: 1, y: 0, z: 0, w: -1}
  - {x: 1, y: 0, z: 0, w: -1}
  - {x: 1, y: 0, z: 0, w: -1}
  - {x: 1, y: 0, z: 0, w: -1}
  - {x: 1, y: 0, z: 0, w: -1}
  - {x: 1, y: 0, z: 0, w: -1}
  - {x: 1, y: 0, z: 0, w: -1}
  - {x: 1, y: 0, z: 0, w: -1}
  - {x: 1, y: 0, z: 0, w: -1}
  - {x: 1, y: 0, z: 0, w: -1}
  - {x: 1, y: 0, z: 0, w: -1}
  - {x: 1, y: 0, z: 0, w: -1}
  - {x: 1, y: 0, z: 0, w: -1}
  - {x: 1, y: 0, z: 0, w: -1}
  - {x: 1, y: 0, z: 0, w: -1}
  - {x: 1, y: 0, z: 0, w: -1}
  - {x: 1, y: 0, z: 0, w: -1}
  - {x: 1, y: 0, z: 0, w: -1}
  - {x: 1, y: 0, z: 0, w: -1}
  - {x: 1, y: 0, z: 0, w: -1}
  - {x: 1, y: 0, z: 0, w: -1}
  - {x: 1, y: 0, z: 0, w: -1}
  - {x: 1, y: 0, z: 0, w: -1}
  - {x: 1, y: 0, z: 0, w: -1}
  - {x: 1, y: 0, z: 0, w: -1}
  - {x: 1, y: 0, z: 0, w: -1}
  - {x: 1, y: 0, z: 0, w: -1}
  - {x: 1, y: 0, z: 0, w: -1}
  - {x: 1, y: 0, z: 0, w: -1}
  - {x: 1, y: 0, z: 0, w: -1}
  - {x: 1, y: 0, z: 0, w: -1}
  - {x: 1, y: 0, z: 0, w: -1}
  - {x: 1, y: 0, z: 0, w: -1}
  - {x: 1, y: 0, z: 0, w: -1}
  - {x: 1, y: 0, z: 0, w: -1}
  - {x: 1, y: 0, z: 0, w: -1}
  - {x: 1, y: 0, z: 0, w: -1}
  - {x: 1, y: 0, z: 0, w: -1}
  - {x: 1, y: 0, z: 0, w: -1}
  - {x: 1, y: 0, z: 0, w: -1}
  - {x: 1, y: 0, z: 0, w: -1}
  - {x: 1, y: 0, z: 0, w: -1}
  - {x: 1, y: 0, z: 0, w: -1}
  - {x: 1, y: 0, z: 0, w: -1}
  - {x: 1, y: 0, z: 0, w: -1}
  - {x: 1, y: 0, z: 0, w: -1}
  - {x: 1, y: 0, z: 0, w: -1}
  - {x: 1, y: 0, z: 0, w: -1}
  - {x: 1, y: 0, z: 0, w: -1}
  - {x: 1, y: 0, z: 0, w: -1}
  - {x: 1, y: 0, z: 0, w: -1}
  - {x: 1, y: 0, z: 0, w: -1}
  - {x: 1, y: 0, z: 0, w: -1}
  - {x: 1, y: 0, z: 0, w: -1}
  - {x: 1, y: 0, z: 0, w: -1}
  - {x: 1, y: 0, z: 0, w: -1}
  - {x: 1, y: 0, z: 0, w: -1}
  - {x: 1, y: 0, z: 0, w: -1}
  - {x: 1, y: 0, z: 0, w: -1}
  - {x: 1, y: 0, z: 0, w: -1}
  - {x: 1, y: 0, z: 0, w: -1}
  - {x: 0, y: -0.00004810348, z: -1, w: -1}
  - {x: 0, y: -0.00004816309, z: -1, w: -1}
  - {x: 0, y: -0.00004810348, z: -1, w: -1}
  - {x: 0, y: -0.00004804387, z: -1, w: -1}
  - {x: 0, y: -0.000048043872, z: -1, w: -1}
  - {x: 0, y: -0.000047924652, z: -1, w: -1}
  - {x: 0, y: -0.000048043872, z: -1, w: -1}
  - {x: 0, y: -0.00004816309, z: -1, w: -1}
  - {x: 0, y: -0.000047924663, z: -1, w: -1}
  - {x: 0, y: -0.000047924663, z: -1, w: -1}
  - {x: 0, y: -0.000047924663, z: -1, w: -1}
  - {x: 0, y: -0.000047924663, z: -1, w: -1}
  - {x: 0, y: -0.000047984264, z: -1, w: -1}
  - {x: 0, y: -0.000048043876, z: -1, w: -1}
  - {x: 0, y: -0.000047984264, z: -1, w: -1}
  - {x: 0, y: -0.000047924656, z: -1, w: -1}
  - {x: -0.020624276, y: 0.00016345832, z: -0.99978733, w: -1}
  - {x: -0.041239798, y: 0.00037489203, z: -0.99914926, w: -1}
  - {x: -0.020624276, y: 0.00016345832, z: -0.99978733, w: -1}
  - {x: 0, y: -0.000048043876, z: -1, w: -1}
  - {x: -0.041247517, y: 0.0003749712, z: -0.99914885, w: -1}
  - {x: -0.041247517, y: 0.0003749712, z: -0.99914885, w: -1}
  - {x: -0.041247517, y: 0.0003749712, z: -0.99914885, w: -1}
  - {x: -0.041247517, y: 0.0003749712, z: -0.99914885, w: -1}
  - {x: 0, y: -0.000048163092, z: -1, w: -1}
  - {x: 0, y: -0.000048043872, z: -1, w: -1}
  - {x: 0, y: -0.000047924656, z: -1, w: -1}
  - {x: 0, y: -0.000048043872, z: -1, w: -1}
  - {x: 0, y: -0.00004792466, z: -1, w: -1}
  - {x: 0, y: -0.00004792466, z: -1, w: -1}
  - {x: 0, y: -0.00004792466, z: -1, w: -1}
  - {x: 0, y: -0.00004792466, z: -1, w: -1}
  - {x: -0.020631857, y: 0.00016364496, z: -0.99978715, w: -1}
  - {x: 0.0000009892165, y: -0.000047924073, z: -1, w: -1}
  - {x: -0.020631857, y: 0.00016364496, z: -0.99978715, w: -1}
  - {x: -0.041246783, y: 0.00037496365, z: -0.9991489, w: -1}
  - {x: 0, y: -0.000048163085, z: -1, w: -1}
  - {x: 0, y: -0.000048163085, z: -1, w: -1}
  - {x: 0, y: -0.000048163085, z: -1, w: -1}
  - {x: 0, y: -0.000047990306, z: -1, w: -1}
  - {x: 0, y: -0.000048055965, z: -1, w: -1}
  - {x: 0, y: -0.000047990306, z: -1, w: -1}
  - {x: 0, y: -0.000047924652, z: -1, w: -1}
  - {x: 0, y: -0.000048163092, z: -1, w: -1}
  - {x: 0, y: -0.000047924656, z: -1, w: -1}
  - {x: 0, y: -0.000047686215, z: -1, w: -1}
  - {x: 0, y: -0.000047924656, z: -1, w: -1}
  - {x: 0, y: -0.000047805443, z: -1, w: -1}
  - {x: 0, y: -0.000047924663, z: -1, w: -1}
  - {x: 0, y: -0.000047805443, z: -1, w: -1}
  - {x: 0, y: -0.000047686222, z: -1, w: -1}
  - {x: 1, y: 0, z: -0.000038387316, w: -1}
  - {x: 1, y: 0, z: -0.000038387316, w: -1}
  - {x: 1, y: 0, z: -0.000038387316, w: -1}
  - {x: 1, y: 0, z: -0.00003837614, w: -1}
  - {x: 1, y: 0, z: -0.000038364964, w: -1}
  - {x: 1, y: 0, z: -0.00003837614, w: -1}
  - {x: 1, y: 0, z: -0.000038387316, w: -1}
  - {x: 1, y: 0, z: -0.000038369068, w: -1}
  - {x: 1, y: 0, z: -0.00003838732, w: -1}
  - {x: 1, y: 0, z: -0.000038369068, w: -1}
  - {x: 1, y: 0, z: -0.000038350816, w: -1}
  - {x: 1, y: 0, z: -0.00003838732, w: -1}
  - {x: 1, y: 0, z: -0.00003838732, w: -1}
  - {x: 1, y: 0, z: -0.00003838732, w: -1}
  - {x: 1, y: 0, z: -0.00003838732, w: -1}
  - {x: 1, y: 0, z: -0.00003838732, w: -1}
  - {x: 1, y: 0, z: -0.000038373306, w: -1}
  - {x: 1, y: 0, z: -0.000038359292, w: -1}
  - {x: 1, y: 0, z: -0.000038373306, w: -1}
  - {x: 1, y: 0, z: -0.00003836022, w: -1}
  - {x: 1, y: 0, z: -0.00003836022, w: -1}
  - {x: 1, y: 0, z: -0.00003836022, w: -1}
  - {x: 1, y: 0, z: -0.000038506532, w: -1}
  - {x: 1, y: 0, z: -0.000038625745, w: -1}
  - {x: 1, y: 0, z: -0.000038506532, w: -1}
  - {x: 1, y: 0, z: -0.000038387323, w: -1}
  - {x: 1, y: 0, z: -0.000038268103, w: -1}
  - {x: 1, y: 0, z: -0.00003814889, w: -1}
  - {x: 1, y: 0, z: -0.000038268103, w: -1}
  - {x: 1, y: 0, z: -0.000038387312, w: -1}
  - {x: 1, y: 0, z: -0.000038387323, w: -1}
  - {x: 1, y: 0, z: -0.000038387323, w: -1}
  - {x: 1, y: 0, z: -0.000038387323, w: -1}
  - {x: 1, y: 0, z: -0.000038387323, w: -1}
  - {x: 1, y: 0, z: -0.000038387323, w: -1}
  - {x: 1, y: 0, z: -0.000038387323, w: -1}
  - {x: 1, y: 0, z: -0.000038387323, w: -1}
  - {x: 1, y: 0, z: -0.000038387323, w: -1}
  - {x: 1, y: 0, z: -0.000038506532, w: -1}
  - {x: 1, y: 0, z: -0.000038625745, w: -1}
  - {x: 1, y: 0, z: -0.000038506532, w: -1}
  - {x: 1, y: 0, z: -0.000038387323, w: -1}
  - {x: 1, y: 0, z: -0.000038268103, w: -1}
  - {x: 1, y: 0, z: -0.000038148894, w: -1}
  - {x: 1, y: 0, z: -0.000038268103, w: -1}
  - {x: 1, y: 0, z: -0.000038387312, w: -1}
  - {x: 1, y: 0, z: -0.000038327715, w: -1}
  - {x: 1, y: 0, z: -0.00003826811, w: -1}
  - {x: 1, y: 0, z: -0.000038327715, w: -1}
  - {x: 1, y: 0, z: -0.000038387323, w: -1}
  - {x: -1, y: 0, z: 0, w: -1}
  - {x: -1, y: 0, z: 0, w: -1}
  - {x: -1, y: 0, z: 0, w: -1}
  - {x: -1, y: 0, z: 0, w: -1}
  - {x: -1, y: 0, z: 0, w: -1}
  - {x: -1, y: 0, z: 0, w: -1}
  - {x: -1, y: 0, z: 0, w: -1}
  - {x: -1, y: 0, z: 0, w: -1}
  - {x: -1, y: 0, z: 0, w: -1}
  - {x: -1, y: 0, z: 0, w: -1}
  - {x: -1, y: 0, z: 0, w: -1}
  - {x: -1, y: 0, z: 0, w: -1}
  - {x: -1, y: 0, z: 0, w: -1}
  - {x: -1, y: 0, z: 0, w: -1}
  - {x: -1, y: 0, z: 0, w: -1}
  - {x: -1, y: 0, z: 0, w: -1}
  - {x: -1, y: 0, z: 0, w: -1}
  - {x: -1, y: 0, z: 0, w: -1}
  - {x: -1, y: 0, z: 0, w: -1}
  - {x: -1, y: 0, z: 0, w: -1}
  - {x: -1, y: 0, z: 0, w: -1}
  - {x: -1, y: 0, z: 0, w: -1}
  - {x: -1, y: 0, z: 0, w: -1}
  - {x: -1, y: 0, z: 0, w: -1}
  - {x: -1, y: 0, z: 0, w: -1}
  - {x: -1, y: 0, z: 0, w: -1}
  - {x: -1, y: 0, z: 0, w: -1}
  - {x: -1, y: 0, z: 0, w: -1}
  - {x: -1, y: 0, z: 0, w: -1}
  - {x: -1, y: 0, z: 0, w: -1}
  - {x: -1, y: 0, z: 0, w: -1}
  - {x: -1, y: 0, z: 0, w: -1}
  - {x: -1, y: 0, z: 0, w: -1}
  - {x: -1, y: 0, z: 0, w: -1}
  - {x: -1, y: 0, z: 0, w: -1}
  - {x: -1, y: 0, z: 0, w: -1}
  - {x: -1, y: 0, z: 0, w: -1}
  - {x: -1, y: 0, z: 0, w: -1}
  - {x: -1, y: 0, z: 0, w: -1}
  - {x: -1, y: 0, z: 0, w: -1}
  - {x: -1, y: 0, z: 0, w: -1}
  - {x: -1, y: 0, z: 0, w: -1}
  - {x: -1, y: 0, z: 0, w: -1}
  - {x: -1, y: 0, z: 0, w: -1}
  - {x: -1, y: 0, z: 0, w: -1}
  - {x: -1, y: 0, z: 0, w: -1}
  - {x: -1, y: 0, z: 0, w: -1}
  - {x: -1, y: 0, z: 0, w: -1}
  - {x: -1, y: 0, z: 0, w: -1}
  - {x: -1, y: 0, z: 0, w: -1}
  - {x: -1, y: 0, z: 0, w: -1}
  - {x: -1, y: 0, z: 0, w: -1}
  - {x: -1, y: 0, z: 0, w: -1}
  - {x: -1, y: 0, z: 0, w: -1}
  - {x: -1, y: 0, z: 0, w: -1}
  - {x: -1, y: 0, z: 0, w: -1}
  - {x: -1, y: 0, z: 0, w: -1}
  - {x: -1, y: 0, z: 0, w: -1}
  - {x: -1, y: 0, z: 0, w: -1}
  - {x: -1, y: 0, z: 0, w: -1}
  - {x: -1, y: 0, z: 0, w: -1}
  - {x: -1, y: 0, z: 0, w: -1}
  - {x: -1, y: 0, z: 0, w: -1}
  - {x: -1, y: 0, z: 0, w: -1}
  - {x: 0, y: -0.000047973397, z: -1, w: -1}
  - {x: 0, y: -0.000048097976, z: -1, w: -1}
  - {x: 0, y: -0.000048163085, z: -1, w: -1}
  - {x: 0, y: -0.000048036625, z: -1, w: -1}
  - {x: 0, y: -0.00004791393, z: -1, w: -1}
  - {x: -0.61968553, y: 0.0062507, z: -0.78482527, w: -1}
  - {x: -0.6933088, y: 0.007074714, z: -0.7206059, w: -1}
  - {x: -0.61968553, y: 0.0062507, z: -0.78482527, w: -1}
  - {x: -0.54017013, y: 0.0055005476, z: -0.8415379, w: -1}
  - {x: -0.000004093023, y: -0.000044811262, z: -1, w: -1}
  - {x: 0, y: -0.000044850774, z: -1, w: -1}
  - {x: -0.000004093023, y: -0.000044811262, z: -1, w: -1}
  - {x: -0.000008246617, y: -0.000044766217, z: -1, w: -1}
  - {x: 0.6933029, y: -0.007141093, z: -0.72061086, w: -1}
  - {x: 0.6195865, y: -0.006325674, z: -0.78490293, w: -1}
  - {x: 0.5399631, y: -0.005578112, z: -0.8416701, w: -1}
  - {x: 0.6195865, y: -0.006325674, z: -0.78490293, w: -1}
  - {x: 0, y: -0.000048055972, z: -1, w: -1}
  - {x: 0, y: -0.000048064216, z: -1, w: -1}
  - {x: 0, y: -0.00004798625, z: -1, w: -1}
  - {x: 0, y: -0.000048068337, z: -1, w: -1}
  - {x: 0, y: -0.000048103193, z: -1, w: -1}
  - {x: 1, y: 0, z: -0.000038148875, w: -1}
  - {x: 0.9883251, y: 0.1523524, z: 0.0015248416, w: -1}
  - {x: 0.95357317, y: 0.30114675, z: 0.00298227, w: -1}
  - {x: 0.9883251, y: 0.1523524, z: 0.0015248416, w: -1}
  - {x: 0.9879518, y: 0.1547538, z: 0.0015134199, w: -1}
  - {x: 0.9938559, y: 0.11068235, z: -0.00004313568, w: -1}
  - {x: 0.99760145, y: 0.06921581, z: 0.0006557096, w: -1}
  - {x: 0.9938559, y: 0.11068235, z: -0.00004313568, w: -1}
  - {x: 0.99818474, y: -0.06022409, z: -0.00064197904, w: -1}
  - {x: 0.9994977, y: -0.0316837, z: 0.0006523326, w: -1}
  - {x: 1, y: -0.000031937187, z: -0.00003870746, w: -1}
  - {x: 0.9994977, y: -0.0316837, z: 0.0006523326, w: -1}
  - {x: 1, y: 0, z: -0.000038148886, w: -1}
  - {x: 1, y: 0, z: -0.000038297912, w: -1}
  - {x: 1, y: 0, z: -0.000038387323, w: -1}
  - {x: 1, y: 0, z: -0.00003837242, w: -1}
  - {x: 1, y: 0, z: -0.0000382532, w: -1}
  - {x: 1, y: 0, z: -0.000038307833, w: -1}
  - {x: 1, y: 0, z: -0.000038424943, w: -1}
  - {x: 1, y: 0, z: -0.000038462567, w: -1}
  - {x: 1, y: 0, z: -0.000038359412, w: -1}
  - {x: 1, y: 0, z: -0.000038228347, w: -1}
  m_Colors: []
  m_UnwrapParameters:
    m_HardAngle: 88
    m_PackMargin: 20
    m_AngleError: 8
    m_AreaError: 15
  m_PreserveMeshAssetOnDestroy: 0
  assetGuid: 
  m_IsSelectable: 1
  m_SelectedFaces: 
  m_SelectedEdges:
  - a: 209
    b: 210
  m_SelectedVertices: d1000000d2000000
--- !u!65 &1579669145906721037
BoxCollider:
  m_ObjectHideFlags: 0
  m_CorrespondingSourceObject: {fileID: 0}
  m_PrefabInstance: {fileID: 0}
  m_PrefabAsset: {fileID: 0}
  m_GameObject: {fileID: 1579669145906721036}
  m_Material: {fileID: 0}
  m_IsTrigger: 0
  m_Enabled: 1
  serializedVersion: 2
  m_Size: {x: 2, y: 4, z: 2}
  m_Center: {x: 1, y: 2, z: -1}
--- !u!1 &1750050704914666979
GameObject:
  m_ObjectHideFlags: 0
  m_CorrespondingSourceObject: {fileID: 0}
  m_PrefabInstance: {fileID: 0}
  m_PrefabAsset: {fileID: 0}
  serializedVersion: 6
  m_Component:
  - component: {fileID: 1750050704914666976}
  m_Layer: 27
  m_Name: Waypoint 2
  m_TagString: Untagged
  m_Icon: {fileID: 0}
  m_NavMeshLayer: 0
  m_StaticEditorFlags: 0
  m_IsActive: 1
--- !u!4 &1750050704914666976
Transform:
  m_ObjectHideFlags: 0
  m_CorrespondingSourceObject: {fileID: 0}
  m_PrefabInstance: {fileID: 0}
  m_PrefabAsset: {fileID: 0}
  m_GameObject: {fileID: 1750050704914666979}
  m_LocalRotation: {x: -0, y: -0, z: -0, w: 1}
  m_LocalPosition: {x: 4.58, y: 4.179, z: 4.86}
  m_LocalScale: {x: 1, y: 0.068454, z: 1}
  m_Children: []
  m_Father: {fileID: 1750050706473937348}
  m_RootOrder: 2
  m_LocalEulerAnglesHint: {x: 0, y: 0, z: 0}
--- !u!1 &1750050705623842429
GameObject:
  m_ObjectHideFlags: 0
  m_CorrespondingSourceObject: {fileID: 0}
  m_PrefabInstance: {fileID: 0}
  m_PrefabAsset: {fileID: 0}
  serializedVersion: 6
  m_Component:
  - component: {fileID: 1750050705623842426}
  - component: {fileID: 2636466377260771026}
  - component: {fileID: 2193173740230293419}
  m_Layer: 27
  m_Name: Platform Controller
  m_TagString: Untagged
  m_Icon: {fileID: 0}
  m_NavMeshLayer: 0
  m_StaticEditorFlags: 0
  m_IsActive: 1
--- !u!4 &1750050705623842426
Transform:
  m_ObjectHideFlags: 0
  m_CorrespondingSourceObject: {fileID: 0}
  m_PrefabInstance: {fileID: 0}
  m_PrefabAsset: {fileID: 0}
  m_GameObject: {fileID: 1750050705623842429}
  m_LocalRotation: {x: -0, y: -0, z: -0, w: 1}
  m_LocalPosition: {x: 0, y: 0, z: 0}
  m_LocalScale: {x: 1, y: 1, z: 1}
  m_Children:
  - {fileID: 1750050706500551444}
  m_Father: {fileID: 1750050706473937348}
  m_RootOrder: 0
  m_LocalEulerAnglesHint: {x: 0, y: 0, z: 0}
--- !u!95 &2636466377260771026
Animator:
  serializedVersion: 3
  m_ObjectHideFlags: 0
  m_CorrespondingSourceObject: {fileID: 0}
  m_PrefabInstance: {fileID: 0}
  m_PrefabAsset: {fileID: 0}
  m_GameObject: {fileID: 1750050705623842429}
  m_Enabled: 1
  m_Avatar: {fileID: 0}
  m_Controller: {fileID: 22100000, guid: cded6d33ca9867046998b5da4865adc7, type: 2}
  m_CullingMode: 0
  m_UpdateMode: 0
  m_ApplyRootMotion: 0
  m_LinearVelocityBlending: 0
  m_WarningMessage: 
  m_HasTransformHierarchy: 1
  m_AllowConstantClipSamplingOptimization: 1
  m_KeepAnimatorControllerStateOnDisable: 0
--- !u!114 &2193173740230293419
MonoBehaviour:
  m_ObjectHideFlags: 0
  m_CorrespondingSourceObject: {fileID: 0}
  m_PrefabInstance: {fileID: 0}
  m_PrefabAsset: {fileID: 0}
  m_GameObject: {fileID: 1750050705623842429}
  m_Enabled: 1
  m_EditorHideFlags: 0
  m_Script: {fileID: 11500000, guid: 3bacecf3448cb53409ae7410c40cd540, type: 3}
  m_Name: 
  m_EditorClassIdentifier: 
  onStart: 0
  activationSpeed: 1
  deactivationSpeed: 1
  isTimer: 1
  timer: 5
  isDual: 0
  isRobot: 0
  isPlatform: 1
  activeSFX: {fileID: 0}
  deactivateSFX: {fileID: 0}
  audioSource: {fileID: 0}
  playersOnTrigger: 0
  startTimer: 0
  movingPlatform: {fileID: 0}
--- !u!1 &1750050705958098605
GameObject:
  m_ObjectHideFlags: 0
  m_CorrespondingSourceObject: {fileID: 0}
  m_PrefabInstance: {fileID: 0}
  m_PrefabAsset: {fileID: 0}
  serializedVersion: 6
  m_Component:
  - component: {fileID: 1750050705958098602}
  m_Layer: 27
  m_Name: Waypoint 1
  m_TagString: Untagged
  m_Icon: {fileID: 0}
  m_NavMeshLayer: 0
  m_StaticEditorFlags: 0
  m_IsActive: 1
--- !u!4 &1750050705958098602
Transform:
  m_ObjectHideFlags: 0
  m_CorrespondingSourceObject: {fileID: 0}
  m_PrefabInstance: {fileID: 0}
  m_PrefabAsset: {fileID: 0}
  m_GameObject: {fileID: 1750050705958098605}
  m_LocalRotation: {x: -0, y: -0, z: -0, w: 1}
  m_LocalPosition: {x: 4.58, y: 0.18, z: 4.86}
  m_LocalScale: {x: 1, y: 0.068454, z: 1}
  m_Children: []
  m_Father: {fileID: 1750050706473937348}
  m_RootOrder: 1
  m_LocalEulerAnglesHint: {x: 0, y: 0, z: 0}
--- !u!1 &1750050706473937351
GameObject:
  m_ObjectHideFlags: 0
  m_CorrespondingSourceObject: {fileID: 0}
  m_PrefabInstance: {fileID: 0}
  m_PrefabAsset: {fileID: 0}
  serializedVersion: 6
  m_Component:
  - component: {fileID: 1750050706473937348}
  m_Layer: 0
  m_Name: Moving Platform_Vertical
  m_TagString: Untagged
  m_Icon: {fileID: 0}
  m_NavMeshLayer: 0
  m_StaticEditorFlags: 0
  m_IsActive: 1
--- !u!4 &1750050706473937348
Transform:
  m_ObjectHideFlags: 0
  m_CorrespondingSourceObject: {fileID: 0}
  m_PrefabInstance: {fileID: 0}
  m_PrefabAsset: {fileID: 0}
  m_GameObject: {fileID: 1750050706473937351}
  m_LocalRotation: {x: 0, y: 0, z: 0, w: 1}
  m_LocalPosition: {x: -21.87, y: 2.78, z: 10.83}
  m_LocalScale: {x: 1, y: 1, z: 1}
  m_Children:
  - {fileID: 1750050705623842426}
  - {fileID: 1750050705958098602}
  - {fileID: 1750050704914666976}
  m_Father: {fileID: 0}
  m_RootOrder: 0
  m_LocalEulerAnglesHint: {x: 0, y: 0, z: 0}
--- !u!1 &1750050706500551447
GameObject:
  m_ObjectHideFlags: 0
  m_CorrespondingSourceObject: {fileID: 0}
  m_PrefabInstance: {fileID: 0}
  m_PrefabAsset: {fileID: 0}
  serializedVersion: 6
  m_Component:
  - component: {fileID: 1750050706500551444}
  - component: {fileID: 1750050706500551441}
  - component: {fileID: 1750050706500551440}
  - component: {fileID: 1750050706500551443}
  - component: {fileID: 1750050706500551442}
  - component: {fileID: 1750050706500551445}
  m_Layer: 27
  m_Name: Platform Object
  m_TagString: Untagged
  m_Icon: {fileID: 0}
  m_NavMeshLayer: 0
  m_StaticEditorFlags: 0
  m_IsActive: 1
--- !u!4 &1750050706500551444
Transform:
  m_ObjectHideFlags: 0
  m_CorrespondingSourceObject: {fileID: 0}
  m_PrefabInstance: {fileID: 0}
  m_PrefabAsset: {fileID: 0}
  m_GameObject: {fileID: 1750050706500551447}
  m_LocalRotation: {x: -0, y: -0, z: -0, w: 1}
  m_LocalPosition: {x: 4.58, y: 0.18, z: 4.86}
  m_LocalScale: {x: 1, y: 0.068454, z: 1}
  m_Children:
  - {fileID: 1579669147966253657}
  m_Father: {fileID: 1750050705623842426}
  m_RootOrder: 0
  m_LocalEulerAnglesHint: {x: 0, y: 0, z: 0}
--- !u!33 &1750050706500551441
MeshFilter:
  m_ObjectHideFlags: 0
  m_CorrespondingSourceObject: {fileID: 0}
  m_PrefabInstance: {fileID: 0}
  m_PrefabAsset: {fileID: 0}
  m_GameObject: {fileID: 1750050706500551447}
  m_Mesh: {fileID: 10202, guid: 0000000000000000e000000000000000, type: 0}
--- !u!23 &1750050706500551440
MeshRenderer:
  m_ObjectHideFlags: 0
  m_CorrespondingSourceObject: {fileID: 0}
  m_PrefabInstance: {fileID: 0}
  m_PrefabAsset: {fileID: 0}
  m_GameObject: {fileID: 1750050706500551447}
  m_Enabled: 0
  m_CastShadows: 1
  m_ReceiveShadows: 1
  m_DynamicOccludee: 1
  m_MotionVectors: 1
  m_LightProbeUsage: 1
  m_ReflectionProbeUsage: 1
  m_RenderingLayerMask: 1
  m_RendererPriority: 0
  m_Materials:
  - {fileID: 10303, guid: 0000000000000000f000000000000000, type: 0}
  m_StaticBatchInfo:
    firstSubMesh: 0
    subMeshCount: 0
  m_StaticBatchRoot: {fileID: 0}
  m_ProbeAnchor: {fileID: 0}
  m_LightProbeVolumeOverride: {fileID: 0}
  m_ScaleInLightmap: 1
  m_PreserveUVs: 0
  m_IgnoreNormalsForChartDetection: 0
  m_ImportantGI: 0
  m_StitchLightmapSeams: 1
  m_SelectedEditorRenderState: 3
  m_MinimumChartSize: 4
  m_AutoUVMaxDistance: 0.5
  m_AutoUVMaxAngle: 89
  m_LightmapParameters: {fileID: 0}
  m_SortingLayerID: 0
  m_SortingLayer: 0
  m_SortingOrder: 0
--- !u!65 &1750050706500551443
BoxCollider:
  m_ObjectHideFlags: 0
  m_CorrespondingSourceObject: {fileID: 0}
  m_PrefabInstance: {fileID: 0}
  m_PrefabAsset: {fileID: 0}
  m_GameObject: {fileID: 1750050706500551447}
  m_Material: {fileID: 0}
  m_IsTrigger: 0
  m_Enabled: 0
  serializedVersion: 2
  m_Size: {x: 1, y: 1, z: 1}
  m_Center: {x: 0, y: 0, z: 0}
--- !u!54 &1750050706500551442
Rigidbody:
  m_ObjectHideFlags: 0
  m_CorrespondingSourceObject: {fileID: 0}
  m_PrefabInstance: {fileID: 0}
  m_PrefabAsset: {fileID: 0}
  m_GameObject: {fileID: 1750050706500551447}
  serializedVersion: 2
  m_Mass: 1
  m_Drag: 0
  m_AngularDrag: 0.05
  m_UseGravity: 1
  m_IsKinematic: 0
  m_Interpolate: 0
  m_Constraints: 0
  m_CollisionDetection: 0
--- !u!114 &1750050706500551445
MonoBehaviour:
  m_ObjectHideFlags: 0
  m_CorrespondingSourceObject: {fileID: 0}
  m_PrefabInstance: {fileID: 0}
  m_PrefabAsset: {fileID: 0}
  m_GameObject: {fileID: 1750050706500551447}
  m_Enabled: 1
  m_EditorHideFlags: 0
  m_Script: {fileID: 11500000, guid: 362155b3b81744a4aa28b315efd334a2, type: 3}
  m_Name: 
  m_EditorClassIdentifier: 
  m_States:
  - m_Name: Default
    m_Preset: {fileID: 0}
    m_BlockList: []
    m_Default: 1
  m_Waypoints:
  - m_Transform: {fileID: 1750050705958098602}
    m_Delay: 2
    m_State: 
  - m_Transform: {fileID: 1750050704914666976}
    m_Delay: 2
    m_State: 
  m_Direction: 0
  m_MovementType: 0
  m_TargetWaypoint: 0
  m_MovementSpeed: 10
  m_MovementInterpolation: 0
  m_RotationInterpolation: 0
  m_RotationEaseAmount: 0.1
  m_CustomRotationSpeed: {x: 0, y: 0, z: 0}
  m_MaxRotationDeltaAngle: -1
  m_CharacterTriggerState: 
  m_EnableOnInteract: 0
  m_ChangeDirectionsOnInteract: 0
  m_GizmoColor: {r: 0, g: 0, b: 1, a: 0.3}
  m_DrawDebugLabels: 0
