%YAML 1.1
%TAG !u! tag:unity3d.com,2011:
--- !u!1 &8667157719917810447
GameObject:
  m_ObjectHideFlags: 0
  m_CorrespondingSourceObject: {fileID: 0}
  m_PrefabInstance: {fileID: 0}
  m_PrefabAsset: {fileID: 0}
  serializedVersion: 6
  m_Component:
  - component: {fileID: 8667157719917810449}
  - component: {fileID: 8667157719917810446}
  m_Layer: 10
  m_Name: Spot Light
  m_TagString: Untagged
  m_Icon: {fileID: 0}
  m_NavMeshLayer: 0
  m_StaticEditorFlags: 0
  m_IsActive: 1
--- !u!4 &8667157719917810449
Transform:
  m_ObjectHideFlags: 0
  m_CorrespondingSourceObject: {fileID: 0}
  m_PrefabInstance: {fileID: 0}
  m_PrefabAsset: {fileID: 0}
  m_GameObject: {fileID: 8667157719917810447}
  m_LocalRotation: {x: 0.5000007, y: -0.4999993, z: -0.4999993, w: 0.5000007}
  m_LocalPosition: {x: 2.1147614, y: 1.274332, z: 0.83893967}
  m_LocalScale: {x: 1, y: 1, z: 1}
  m_Children: []
  m_Father: {fileID: 8667157721381912147}
  m_RootOrder: 0
  m_LocalEulerAnglesHint: {x: 180, y: 89.99999, z: 89.99999}
--- !u!108 &8667157719917810446
Light:
  m_ObjectHideFlags: 0
  m_CorrespondingSourceObject: {fileID: 0}
  m_PrefabInstance: {fileID: 0}
  m_PrefabAsset: {fileID: 0}
  m_GameObject: {fileID: 8667157719917810447}
  m_Enabled: 1
  serializedVersion: 9
  m_Type: 0
  m_Color: {r: 1, g: 1, b: 1, a: 1}
  m_Intensity: 30.13
  m_Range: 4.91
  m_SpotAngle: 16
  m_InnerSpotAngle: 1
  m_CookieSize: 10
  m_Shadows:
    m_Type: 1
    m_Resolution: 2
    m_CustomResolution: -1
    m_Strength: 1
    m_Bias: 0.05
    m_NormalBias: 0.4
    m_NearPlane: 0.2
    m_CullingMatrixOverride:
      e00: 1
      e01: 0
      e02: 0
      e03: 0
      e10: 0
      e11: 1
      e12: 0
      e13: 0
      e20: 0
      e21: 0
      e22: 1
      e23: 0
      e30: 0
      e31: 0
      e32: 0
      e33: 1
    m_UseCullingMatrixOverride: 0
  m_Cookie: {fileID: 0}
  m_DrawHalo: 0
  m_Flare: {fileID: 0}
  m_RenderMode: 0
  m_CullingMask:
    serializedVersion: 2
    m_Bits: 3959425298
  m_RenderingLayerMask: 1
  m_Lightmapping: 1
  m_LightShadowCasterMode: 0
  m_AreaSize: {x: 1, y: 1}
  m_BounceIntensity: 1
  m_ColorTemperature: 6570
  m_UseColorTemperature: 0
  m_BoundingSphereOverride: {x: 0, y: 0, z: 0, w: 0}
  m_UseBoundingSphereOverride: 0
  m_ShadowRadius: 0
  m_ShadowAngle: 0
--- !u!1 &8667157720616977023
GameObject:
  m_ObjectHideFlags: 0
  m_CorrespondingSourceObject: {fileID: 0}
  m_PrefabInstance: {fileID: 0}
  m_PrefabAsset: {fileID: 0}
  serializedVersion: 6
  m_Component:
  - component: {fileID: 8667157720616977022}
  - component: {fileID: 8667157720616977026}
  - component: {fileID: 8667157720616977027}
  - component: {fileID: 8667157720616977024}
  - component: {fileID: 8667157720616977025}
  m_Layer: 0
  m_Name: Cone
  m_TagString: Untagged
  m_Icon: {fileID: 0}
  m_NavMeshLayer: 0
  m_StaticEditorFlags: 0
  m_IsActive: 1
--- !u!4 &8667157720616977022
Transform:
  m_ObjectHideFlags: 0
  m_CorrespondingSourceObject: {fileID: 0}
  m_PrefabInstance: {fileID: 0}
  m_PrefabAsset: {fileID: 0}
  m_GameObject: {fileID: 8667157720616977023}
  m_LocalRotation: {x: -0, y: -0, z: -0.70710576, w: 0.70710784}
  m_LocalPosition: {x: -2.92424, y: 0.76333237, z: 0.94394016}
  m_LocalScale: {x: 1, y: 0.68661, z: 1}
  m_Children: []
  m_Father: {fileID: 8667157721381912147}
  m_RootOrder: 1
  m_LocalEulerAnglesHint: {x: 0, y: 0, z: 0}
--- !u!33 &8667157720616977026
MeshFilter:
  m_ObjectHideFlags: 0
  m_CorrespondingSourceObject: {fileID: 0}
  m_PrefabInstance: {fileID: 0}
  m_PrefabAsset: {fileID: 0}
  m_GameObject: {fileID: 8667157720616977023}
  m_Mesh: {fileID: 0}
--- !u!23 &8667157720616977027
MeshRenderer:
  m_ObjectHideFlags: 0
  m_CorrespondingSourceObject: {fileID: 0}
  m_PrefabInstance: {fileID: 0}
  m_PrefabAsset: {fileID: 0}
  m_GameObject: {fileID: 8667157720616977023}
  m_Enabled: 1
  m_CastShadows: 1
  m_ReceiveShadows: 1
  m_DynamicOccludee: 1
  m_MotionVectors: 1
  m_LightProbeUsage: 1
  m_ReflectionProbeUsage: 1
  m_RenderingLayerMask: 1
  m_RendererPriority: 0
  m_Materials:
  - {fileID: 2100000, guid: e654788377dd2b44584a65566726d712, type: 2}
  m_StaticBatchInfo:
    firstSubMesh: 0
    subMeshCount: 0
  m_StaticBatchRoot: {fileID: 0}
  m_ProbeAnchor: {fileID: 0}
  m_LightProbeVolumeOverride: {fileID: 0}
  m_ScaleInLightmap: 1
  m_PreserveUVs: 0
  m_IgnoreNormalsForChartDetection: 0
  m_ImportantGI: 0
  m_StitchLightmapSeams: 1
  m_SelectedEditorRenderState: 2
  m_MinimumChartSize: 4
  m_AutoUVMaxDistance: 0.5
  m_AutoUVMaxAngle: 89
  m_LightmapParameters: {fileID: 0}
  m_SortingLayerID: 0
  m_SortingLayer: 0
  m_SortingOrder: 0
--- !u!114 &8667157720616977024
MonoBehaviour:
  m_ObjectHideFlags: 0
  m_CorrespondingSourceObject: {fileID: 0}
  m_PrefabInstance: {fileID: 0}
  m_PrefabAsset: {fileID: 0}
  m_GameObject: {fileID: 8667157720616977023}
  m_Enabled: 1
  m_EditorHideFlags: 0
  m_Script: {fileID: 11500000, guid: 8233d90336aea43098adf6dbabd606a2, type: 3}
  m_Name: 
  m_EditorClassIdentifier: 
  m_MeshFormatVersion: 1
  m_Faces:
  - m_Indexes: 020000000100000000000000
    m_SmoothingGroup: 0
    m_Uv:
      m_UseWorldSpace: 0
      m_FlipU: 0
      m_FlipV: 0
      m_SwapUV: 0
      m_Fill: 1
      m_Scale: {x: 1, y: 1}
      m_Offset: {x: 0, y: 0}
      m_Rotation: 0
      m_Anchor: 9
    m_Material: {fileID: 2100000, guid: c22777d6e868e4f2fb421913386b154e, type: 2}
    m_SubmeshIndex: 0
    m_ManualUV: 0
    elementGroup: 0
    m_TextureGroup: -1
  - m_Indexes: 030000000400000005000000
    m_SmoothingGroup: 0
    m_Uv:
      m_UseWorldSpace: 0
      m_FlipU: 0
      m_FlipV: 0
      m_SwapUV: 0
      m_Fill: 1
      m_Scale: {x: 1, y: 1}
      m_Offset: {x: 0, y: 0}
      m_Rotation: 0
      m_Anchor: 9
    m_Material: {fileID: 2100000, guid: c22777d6e868e4f2fb421913386b154e, type: 2}
    m_SubmeshIndex: 0
    m_ManualUV: 0
    elementGroup: 0
    m_TextureGroup: -1
  - m_Indexes: 080000000700000006000000
    m_SmoothingGroup: 0
    m_Uv:
      m_UseWorldSpace: 0
      m_FlipU: 0
      m_FlipV: 0
      m_SwapUV: 0
      m_Fill: 1
      m_Scale: {x: 1, y: 1}
      m_Offset: {x: 0, y: 0}
      m_Rotation: 0
      m_Anchor: 9
    m_Material: {fileID: 2100000, guid: c22777d6e868e4f2fb421913386b154e, type: 2}
    m_SubmeshIndex: 0
    m_ManualUV: 0
    elementGroup: 0
    m_TextureGroup: -1
  - m_Indexes: 090000000a0000000b000000
    m_SmoothingGroup: 0
    m_Uv:
      m_UseWorldSpace: 0
      m_FlipU: 0
      m_FlipV: 0
      m_SwapUV: 0
      m_Fill: 1
      m_Scale: {x: 1, y: 1}
      m_Offset: {x: 0, y: 0}
      m_Rotation: 0
      m_Anchor: 9
    m_Material: {fileID: 2100000, guid: c22777d6e868e4f2fb421913386b154e, type: 2}
    m_SubmeshIndex: 0
    m_ManualUV: 0
    elementGroup: 0
    m_TextureGroup: -1
  - m_Indexes: 0e0000000d0000000c000000
    m_SmoothingGroup: 0
    m_Uv:
      m_UseWorldSpace: 0
      m_FlipU: 0
      m_FlipV: 0
      m_SwapUV: 0
      m_Fill: 1
      m_Scale: {x: 1, y: 1}
      m_Offset: {x: 0, y: 0}
      m_Rotation: 0
      m_Anchor: 9
    m_Material: {fileID: 2100000, guid: c22777d6e868e4f2fb421913386b154e, type: 2}
    m_SubmeshIndex: 0
    m_ManualUV: 0
    elementGroup: 0
    m_TextureGroup: -1
  - m_Indexes: 0f0000001000000011000000
    m_SmoothingGroup: 0
    m_Uv:
      m_UseWorldSpace: 0
      m_FlipU: 0
      m_FlipV: 0
      m_SwapUV: 0
      m_Fill: 1
      m_Scale: {x: 1, y: 1}
      m_Offset: {x: 0, y: 0}
      m_Rotation: 0
      m_Anchor: 9
    m_Material: {fileID: 2100000, guid: c22777d6e868e4f2fb421913386b154e, type: 2}
    m_SubmeshIndex: 0
    m_ManualUV: 0
    elementGroup: 0
    m_TextureGroup: -1
  - m_Indexes: 140000001300000012000000
    m_SmoothingGroup: 0
    m_Uv:
      m_UseWorldSpace: 0
      m_FlipU: 0
      m_FlipV: 0
      m_SwapUV: 0
      m_Fill: 1
      m_Scale: {x: 1, y: 1}
      m_Offset: {x: 0, y: 0}
      m_Rotation: 0
      m_Anchor: 9
    m_Material: {fileID: 2100000, guid: c22777d6e868e4f2fb421913386b154e, type: 2}
    m_SubmeshIndex: 0
    m_ManualUV: 0
    elementGroup: 0
    m_TextureGroup: -1
  - m_Indexes: 150000001600000017000000
    m_SmoothingGroup: 0
    m_Uv:
      m_UseWorldSpace: 0
      m_FlipU: 0
      m_FlipV: 0
      m_SwapUV: 0
      m_Fill: 1
      m_Scale: {x: 1, y: 1}
      m_Offset: {x: 0, y: 0}
      m_Rotation: 0
      m_Anchor: 9
    m_Material: {fileID: 2100000, guid: c22777d6e868e4f2fb421913386b154e, type: 2}
    m_SubmeshIndex: 0
    m_ManualUV: 0
    elementGroup: 0
    m_TextureGroup: -1
  - m_Indexes: 1a0000001900000018000000
    m_SmoothingGroup: 0
    m_Uv:
      m_UseWorldSpace: 0
      m_FlipU: 0
      m_FlipV: 0
      m_SwapUV: 0
      m_Fill: 1
      m_Scale: {x: 1, y: 1}
      m_Offset: {x: 0, y: 0}
      m_Rotation: 0
      m_Anchor: 9
    m_Material: {fileID: 2100000, guid: c22777d6e868e4f2fb421913386b154e, type: 2}
    m_SubmeshIndex: 0
    m_ManualUV: 0
    elementGroup: 0
    m_TextureGroup: -1
  - m_Indexes: 1b0000001c0000001d000000
    m_SmoothingGroup: 0
    m_Uv:
      m_UseWorldSpace: 0
      m_FlipU: 0
      m_FlipV: 0
      m_SwapUV: 0
      m_Fill: 1
      m_Scale: {x: 1, y: 1}
      m_Offset: {x: 0, y: 0}
      m_Rotation: 0
      m_Anchor: 9
    m_Material: {fileID: 2100000, guid: c22777d6e868e4f2fb421913386b154e, type: 2}
    m_SubmeshIndex: 0
    m_ManualUV: 0
    elementGroup: 0
    m_TextureGroup: -1
  - m_Indexes: 200000001f0000001e000000
    m_SmoothingGroup: 0
    m_Uv:
      m_UseWorldSpace: 0
      m_FlipU: 0
      m_FlipV: 0
      m_SwapUV: 0
      m_Fill: 1
      m_Scale: {x: 1, y: 1}
      m_Offset: {x: 0, y: 0}
      m_Rotation: 0
      m_Anchor: 9
    m_Material: {fileID: 2100000, guid: c22777d6e868e4f2fb421913386b154e, type: 2}
    m_SubmeshIndex: 0
    m_ManualUV: 0
    elementGroup: 0
    m_TextureGroup: -1
  - m_Indexes: 210000002200000023000000
    m_SmoothingGroup: 0
    m_Uv:
      m_UseWorldSpace: 0
      m_FlipU: 0
      m_FlipV: 0
      m_SwapUV: 0
      m_Fill: 1
      m_Scale: {x: 1, y: 1}
      m_Offset: {x: 0, y: 0}
      m_Rotation: 0
      m_Anchor: 9
    m_Material: {fileID: 2100000, guid: c22777d6e868e4f2fb421913386b154e, type: 2}
    m_SubmeshIndex: 0
    m_ManualUV: 0
    elementGroup: 0
    m_TextureGroup: -1
  - m_Indexes: 260000002500000024000000
    m_SmoothingGroup: 0
    m_Uv:
      m_UseWorldSpace: 0
      m_FlipU: 0
      m_FlipV: 0
      m_SwapUV: 0
      m_Fill: 1
      m_Scale: {x: 1, y: 1}
      m_Offset: {x: 0, y: 0}
      m_Rotation: 0
      m_Anchor: 9
    m_Material: {fileID: 2100000, guid: c22777d6e868e4f2fb421913386b154e, type: 2}
    m_SubmeshIndex: 0
    m_ManualUV: 0
    elementGroup: 0
    m_TextureGroup: -1
  - m_Indexes: 270000002800000029000000
    m_SmoothingGroup: 0
    m_Uv:
      m_UseWorldSpace: 0
      m_FlipU: 0
      m_FlipV: 0
      m_SwapUV: 0
      m_Fill: 1
      m_Scale: {x: 1, y: 1}
      m_Offset: {x: 0, y: 0}
      m_Rotation: 0
      m_Anchor: 9
    m_Material: {fileID: 2100000, guid: c22777d6e868e4f2fb421913386b154e, type: 2}
    m_SubmeshIndex: 0
    m_ManualUV: 0
    elementGroup: 0
    m_TextureGroup: -1
  - m_Indexes: 2c0000002b0000002a000000
    m_SmoothingGroup: 0
    m_Uv:
      m_UseWorldSpace: 0
      m_FlipU: 0
      m_FlipV: 0
      m_SwapUV: 0
      m_Fill: 1
      m_Scale: {x: 1, y: 1}
      m_Offset: {x: 0, y: 0}
      m_Rotation: 0
      m_Anchor: 9
    m_Material: {fileID: 2100000, guid: c22777d6e868e4f2fb421913386b154e, type: 2}
    m_SubmeshIndex: 0
    m_ManualUV: 0
    elementGroup: 0
    m_TextureGroup: -1
  - m_Indexes: 2d0000002e0000002f000000
    m_SmoothingGroup: 0
    m_Uv:
      m_UseWorldSpace: 0
      m_FlipU: 0
      m_FlipV: 0
      m_SwapUV: 0
      m_Fill: 1
      m_Scale: {x: 1, y: 1}
      m_Offset: {x: 0, y: 0}
      m_Rotation: 0
      m_Anchor: 9
    m_Material: {fileID: 2100000, guid: c22777d6e868e4f2fb421913386b154e, type: 2}
    m_SubmeshIndex: 0
    m_ManualUV: 0
    elementGroup: 0
    m_TextureGroup: -1
  - m_Indexes: 320000003100000030000000
    m_SmoothingGroup: 0
    m_Uv:
      m_UseWorldSpace: 0
      m_FlipU: 0
      m_FlipV: 0
      m_SwapUV: 0
      m_Fill: 1
      m_Scale: {x: 1, y: 1}
      m_Offset: {x: 0, y: 0}
      m_Rotation: 0
      m_Anchor: 9
    m_Material: {fileID: 2100000, guid: c22777d6e868e4f2fb421913386b154e, type: 2}
    m_SubmeshIndex: 0
    m_ManualUV: 0
    elementGroup: 0
    m_TextureGroup: -1
  - m_Indexes: 330000003400000035000000
    m_SmoothingGroup: 0
    m_Uv:
      m_UseWorldSpace: 0
      m_FlipU: 0
      m_FlipV: 0
      m_SwapUV: 0
      m_Fill: 1
      m_Scale: {x: 1, y: 1}
      m_Offset: {x: 0, y: 0}
      m_Rotation: 0
      m_Anchor: 9
    m_Material: {fileID: 2100000, guid: c22777d6e868e4f2fb421913386b154e, type: 2}
    m_SubmeshIndex: 0
    m_ManualUV: 0
    elementGroup: 0
    m_TextureGroup: -1
  - m_Indexes: 380000003700000036000000
    m_SmoothingGroup: 0
    m_Uv:
      m_UseWorldSpace: 0
      m_FlipU: 0
      m_FlipV: 0
      m_SwapUV: 0
      m_Fill: 1
      m_Scale: {x: 1, y: 1}
      m_Offset: {x: 0, y: 0}
      m_Rotation: 0
      m_Anchor: 9
    m_Material: {fileID: 2100000, guid: c22777d6e868e4f2fb421913386b154e, type: 2}
    m_SubmeshIndex: 0
    m_ManualUV: 0
    elementGroup: 0
    m_TextureGroup: -1
  - m_Indexes: 390000003a0000003b000000
    m_SmoothingGroup: 0
    m_Uv:
      m_UseWorldSpace: 0
      m_FlipU: 0
      m_FlipV: 0
      m_SwapUV: 0
      m_Fill: 1
      m_Scale: {x: 1, y: 1}
      m_Offset: {x: 0, y: 0}
      m_Rotation: 0
      m_Anchor: 9
    m_Material: {fileID: 2100000, guid: c22777d6e868e4f2fb421913386b154e, type: 2}
    m_SubmeshIndex: 0
    m_ManualUV: 0
    elementGroup: 0
    m_TextureGroup: -1
  - m_Indexes: 3e0000003d0000003c000000
    m_SmoothingGroup: 0
    m_Uv:
      m_UseWorldSpace: 0
      m_FlipU: 0
      m_FlipV: 0
      m_SwapUV: 0
      m_Fill: 1
      m_Scale: {x: 1, y: 1}
      m_Offset: {x: 0, y: 0}
      m_Rotation: 0
      m_Anchor: 9
    m_Material: {fileID: 2100000, guid: c22777d6e868e4f2fb421913386b154e, type: 2}
    m_SubmeshIndex: 0
    m_ManualUV: 0
    elementGroup: 0
    m_TextureGroup: -1
  - m_Indexes: 3f0000004000000041000000
    m_SmoothingGroup: 0
    m_Uv:
      m_UseWorldSpace: 0
      m_FlipU: 0
      m_FlipV: 0
      m_SwapUV: 0
      m_Fill: 1
      m_Scale: {x: 1, y: 1}
      m_Offset: {x: 0, y: 0}
      m_Rotation: 0
      m_Anchor: 9
    m_Material: {fileID: 2100000, guid: c22777d6e868e4f2fb421913386b154e, type: 2}
    m_SubmeshIndex: 0
    m_ManualUV: 0
    elementGroup: 0
    m_TextureGroup: -1
  - m_Indexes: 440000004300000042000000
    m_SmoothingGroup: 0
    m_Uv:
      m_UseWorldSpace: 0
      m_FlipU: 0
      m_FlipV: 0
      m_SwapUV: 0
      m_Fill: 1
      m_Scale: {x: 1, y: 1}
      m_Offset: {x: 0, y: 0}
      m_Rotation: 0
      m_Anchor: 9
    m_Material: {fileID: 2100000, guid: c22777d6e868e4f2fb421913386b154e, type: 2}
    m_SubmeshIndex: 0
    m_ManualUV: 0
    elementGroup: 0
    m_TextureGroup: -1
  - m_Indexes: 450000004600000047000000
    m_SmoothingGroup: 0
    m_Uv:
      m_UseWorldSpace: 0
      m_FlipU: 0
      m_FlipV: 0
      m_SwapUV: 0
      m_Fill: 1
      m_Scale: {x: 1, y: 1}
      m_Offset: {x: 0, y: 0}
      m_Rotation: 0
      m_Anchor: 9
    m_Material: {fileID: 2100000, guid: c22777d6e868e4f2fb421913386b154e, type: 2}
    m_SubmeshIndex: 0
    m_ManualUV: 0
    elementGroup: 0
    m_TextureGroup: -1
  m_SharedVertices:
  - m_Vertices: 00000000030000004300000046000000
  - m_Vertices: 01000000040000000600000009000000
  - m_Vertices: 02000000080000000e000000140000001a00000020000000260000002c00000032000000380000003e00000044000000
  - m_Vertices: 050000000b00000011000000170000001d00000023000000290000002f000000350000003b0000004100000047000000
  - m_Vertices: 070000000a0000000c0000000f000000
  - m_Vertices: 0d000000100000001200000015000000
  - m_Vertices: 1300000016000000180000001b000000
  - m_Vertices: 190000001c0000001e00000021000000
  - m_Vertices: 1f000000220000002400000027000000
  - m_Vertices: 25000000280000002a0000002d000000
  - m_Vertices: 2b0000002e0000003000000033000000
  - m_Vertices: 31000000340000003600000039000000
  - m_Vertices: 370000003a0000003c0000003f000000
  - m_Vertices: 3d000000400000004200000045000000
  m_SharedTextures: []
  m_Positions:
  - {x: 0.0000005269703, y: 0.1738318, z: 0}
  - {x: -0.07904381, y: 0.17383215, z: 0.29500008}
  - {x: -0.59, y: 7.4, z: 0}
  - {x: 0.0000005269703, y: 0.1738318, z: 0}
  - {x: -0.07904381, y: 0.17383215, z: 0.29500008}
  - {x: -0.5900002, y: -0.10860254, z: 0}
  - {x: -0.07904381, y: 0.17383215, z: 0.29500008}
  - {x: -0.29499954, y: 0.17383306, z: 0.51095486}
  - {x: -0.59, y: 7.4, z: 0}
  - {x: -0.07904381, y: 0.17383215, z: 0.29500008}
  - {x: -0.29499954, y: 0.17383306, z: 0.51095486}
  - {x: -0.5900002, y: -0.10860254, z: 0}
  - {x: -0.29499954, y: 0.17383306, z: 0.51095486}
  - {x: -0.5899996, y: 0.17383432, z: 0.59000015}
  - {x: -0.59, y: 7.4, z: 0}
  - {x: -0.29499954, y: 0.17383306, z: 0.51095486}
  - {x: -0.5899996, y: 0.17383432, z: 0.59000015}
  - {x: -0.5900002, y: -0.10860254, z: 0}
  - {x: -0.5899996, y: 0.17383432, z: 0.59000015}
  - {x: -0.8849997, y: 0.17383558, z: 0.51095486}
  - {x: -0.59, y: 7.4, z: 0}
  - {x: -0.5899996, y: 0.17383432, z: 0.59000015}
  - {x: -0.8849997, y: 0.17383558, z: 0.51095486}
  - {x: -0.5900002, y: -0.10860254, z: 0}
  - {x: -0.8849997, y: 0.17383558, z: 0.51095486}
  - {x: -1.1009555, y: 0.17383648, z: 0.29500008}
  - {x: -0.59, y: 7.4, z: 0}
  - {x: -0.8849997, y: 0.17383558, z: 0.51095486}
  - {x: -1.1009555, y: 0.17383648, z: 0.29500008}
  - {x: -0.5900002, y: -0.10860254, z: 0}
  - {x: -1.1009555, y: 0.17383648, z: 0.29500008}
  - {x: -1.1799998, y: 0.17383683, z: 0}
  - {x: -0.59, y: 7.4, z: 0}
  - {x: -1.1009555, y: 0.17383648, z: 0.29500008}
  - {x: -1.1799998, y: 0.17383683, z: 0}
  - {x: -0.5900002, y: -0.10860254, z: 0}
  - {x: -1.1799998, y: 0.17383683, z: 0}
  - {x: -1.1009555, y: 0.17383648, z: -0.29500008}
  - {x: -0.59, y: 7.4, z: 0}
  - {x: -1.1799998, y: 0.17383683, z: 0}
  - {x: -1.1009555, y: 0.17383648, z: -0.29500008}
  - {x: -0.5900002, y: -0.10860254, z: 0}
  - {x: -1.1009555, y: 0.17383648, z: -0.29500008}
  - {x: -0.8849997, y: 0.17383558, z: -0.51095486}
  - {x: -0.59, y: 7.4, z: 0}
  - {x: -1.1009555, y: 0.17383648, z: -0.29500008}
  - {x: -0.8849997, y: 0.17383558, z: -0.51095486}
  - {x: -0.5900002, y: -0.10860254, z: 0}
  - {x: -0.8849997, y: 0.17383558, z: -0.51095486}
  - {x: -0.5899996, y: 0.17383432, z: -0.59000015}
  - {x: -0.59, y: 7.4, z: 0}
  - {x: -0.8849997, y: 0.17383558, z: -0.51095486}
  - {x: -0.5899996, y: 0.17383432, z: -0.59000015}
  - {x: -0.5900002, y: -0.10860254, z: 0}
  - {x: -0.5899996, y: 0.17383432, z: -0.59000015}
  - {x: -0.29499954, y: 0.17383306, z: -0.51095486}
  - {x: -0.59, y: 7.4, z: 0}
  - {x: -0.5899996, y: 0.17383432, z: -0.59000015}
  - {x: -0.29499954, y: 0.17383306, z: -0.51095486}
  - {x: -0.5900002, y: -0.10860254, z: 0}
  - {x: -0.29499954, y: 0.17383306, z: -0.51095486}
  - {x: -0.07904381, y: 0.17383215, z: -0.29500008}
  - {x: -0.59, y: 7.4, z: 0}
  - {x: -0.29499954, y: 0.17383306, z: -0.51095486}
  - {x: -0.07904381, y: 0.17383215, z: -0.29500008}
  - {x: -0.5900002, y: -0.10860254, z: 0}
  - {x: -0.07904381, y: 0.17383215, z: -0.29500008}
  - {x: 0.0000005269703, y: 0.1738318, z: 0}
  - {x: -0.59, y: 7.4, z: 0}
  - {x: -0.07904381, y: 0.17383215, z: -0.29500008}
  - {x: 0.0000005269703, y: 0.1738318, z: 0}
  - {x: -0.5900002, y: -0.10860254, z: 0}
  m_Textures0:
  - {x: -0.00000013638886, y: 0.17329367}
  - {x: 0.3054062, y: 0.17329401}
  - {x: 0.152702, y: 7.4218993}
  - {x: -0.0750574, y: 0.018019887}
  - {x: -0.0037611858, y: 0.31498772}
  - {x: 0.5790603, y: 0.018019885}
  - {x: 0.26448867, y: 0.16128817}
  - {x: 0.5698955, y: 0.16128908}
  - {x: 0.41719377, y: 7.4098935}
  - {x: 0.017107446, y: 0.3397994}
  - {x: 0.2209113, y: 0.5672578}
  - {x: 0.59271795, y: 0.029085027}
  - {x: 0.41719303, y: 0.14049464}
  - {x: 0.7225997, y: 0.14049591}
  - {x: 0.56989604, y: 7.389099}
  - {x: 0.2704869, y: 0.5516194}
  - {x: 0.56308967, y: 0.6391226}
  - {x: 0.5990227, y: -0.014007956}
  - {x: 0.41719222, y: 0.11648433}
  - {x: 0.72259885, y: 0.11648558}
  - {x: 0.56989616, y: 7.3650875}
  - {x: 0.6073219, y: 0.57472956}
  - {x: 0.8999247, y: 0.4872264}
  - {x: 0.5713877, y: -0.07840097}
  - {x: 0.26449218, y: 0.09569106}
  - {x: 0.5698991, y: 0.09569197}
  - {x: 0.41719407, y: 7.344293}
  - {x: 0.8926906, y: 0.4447232}
  - {x: 1.0964946, y: 0.2172648}
  - {x: 0.5208829, y: -0.093449526}
  - {x: -0.0000023974198, y: 0.08368605}
  - {x: 0.30540398, y: 0.08368639}
  - {x: 0.152702, y: 7.3322873}
  - {x: 1.0680957, y: 0.2564315}
  - {x: 1.1393919, y: -0.040536344}
  - {x: 0.48527303, y: -0.040536348}
  - {x: -0.30540398, y: 0.08368639}
  - {x: 0.0000023974198, y: 0.08368605}
  - {x: -0.152702, y: 7.3322873}
  - {x: 1.1393919, y: 0.040536337}
  - {x: 1.0680957, y: -0.2564315}
  - {x: 0.48527303, y: 0.04053634}
  - {x: -0.5698991, y: 0.09569197}
  - {x: -0.26449218, y: 0.09569106}
  - {x: -0.41719407, y: 7.344293}
  - {x: 1.0964946, y: -0.21726479}
  - {x: 0.8926906, y: -0.4447232}
  - {x: 0.5208829, y: 0.09344953}
  - {x: -0.72259885, y: 0.11648558}
  - {x: -0.41719222, y: 0.11648433}
  - {x: -0.56989616, y: 7.3650875}
  - {x: 0.8999247, y: -0.4872264}
  - {x: 0.6073219, y: -0.57472956}
  - {x: 0.5713877, y: 0.07840097}
  - {x: -0.7225997, y: 0.14049591}
  - {x: -0.41719303, y: 0.14049464}
  - {x: -0.56989604, y: 7.389099}
  - {x: 0.56308967, y: -0.63912266}
  - {x: 0.2704869, y: -0.55161947}
  - {x: 0.5990227, y: 0.014007956}
  - {x: -0.5698955, y: 0.16128908}
  - {x: -0.26448867, y: 0.16128817}
  - {x: -0.41719377, y: 7.4098935}
  - {x: 0.2209113, y: -0.5672578}
  - {x: 0.017107446, y: -0.3397994}
  - {x: 0.59271795, y: -0.029085027}
  - {x: -0.3054062, y: 0.17329401}
  - {x: 0.00000013638886, y: 0.17329367}
  - {x: -0.152702, y: 7.4218993}
  - {x: -0.0037611963, y: -0.31498772}
  - {x: -0.07505742, y: -0.018019889}
  - {x: 0.5790603, y: -0.01801989}
  m_Textures2: []
  m_Textures3: []
  m_Tangents:
  - {x: -0.25881684, y: -0.0000015600019, z: 0.9659264, w: -1}
  - {x: -0.25881684, y: -0.0000015600019, z: 0.9659264, w: -1}
  - {x: -0.25881684, y: -0.0000015600019, z: 0.9659264, w: -1}
  - {x: -0.9019794, y: -0.431779, z: -6.3379163e-10, w: -1}
  - {x: -0.9019794, y: -0.431779, z: -6.3379163e-10, w: -1}
  - {x: -0.9019794, y: -0.431779, z: -6.3379163e-10, w: -1}
  - {x: -0.7071082, y: 0.000000009665706, z: 0.70710546, w: -1}
  - {x: -0.7071082, y: 0.000000009665706, z: 0.70710546, w: -1}
  - {x: -0.7071082, y: 0.000000009665706, z: 0.70710546, w: -1}
  - {x: -0.9437311, y: -0.33071366, z: 0.000000008446117, w: -1}
  - {x: -0.9437311, y: -0.33071366, z: 0.000000008446117, w: -1}
  - {x: -0.9437311, y: -0.33071366, z: 0.000000008446117, w: -1}
  - {x: -0.9659256, y: 0.000001573328, z: 0.25882012, w: -1}
  - {x: -0.9659256, y: 0.000001573328, z: 0.25882012, w: -1}
  - {x: -0.9659256, y: 0.000001573328, z: 0.25882012, w: -1}
  - {x: -0.9918742, y: -0.12722285, z: -0.0000000128619915, w: -1}
  - {x: -0.9918742, y: -0.12722285, z: -0.0000000128619915, w: -1}
  - {x: -0.9918742, y: -0.12722285, z: -0.0000000128619915, w: -1}
  - {x: -0.96592575, y: 0.0000000133273295, z: -0.25881952, w: -1}
  - {x: -0.96592575, y: 0.0000000133273295, z: -0.25881952, w: -1}
  - {x: -0.96592575, y: 0.0000000133273295, z: -0.25881952, w: -1}
  - {x: -0.99187315, y: 0.1272312, z: -0.000000076981905, w: -1}
  - {x: -0.99187315, y: 0.1272312, z: -0.000000076981905, w: -1}
  - {x: -0.99187315, y: 0.1272312, z: -0.000000076981905, w: -1}
  - {x: -0.7071086, y: 0.0000000073228086, z: -0.7071049, w: -1}
  - {x: -0.7071086, y: 0.0000000073228086, z: -0.7071049, w: -1}
  - {x: -0.7071086, y: 0.0000000073228086, z: -0.7071049, w: -1}
  - {x: -0.94372857, y: 0.33072114, z: -0.000000019377644, w: -1}
  - {x: -0.94372857, y: 0.33072114, z: -0.000000019377644, w: -1}
  - {x: -0.94372857, y: 0.33072114, z: -0.000000019377644, w: -1}
  - {x: -0.25881708, y: -0.0000015529725, z: -0.96592635, w: -1}
  - {x: -0.25881708, y: -0.0000015529725, z: -0.96592635, w: -1}
  - {x: -0.25881708, y: -0.0000015529725, z: -0.96592635, w: -1}
  - {x: -0.9019761, y: 0.43178597, z: 0, w: -1}
  - {x: -0.9019761, y: 0.43178597, z: 0, w: -1}
  - {x: -0.9019761, y: 0.43178597, z: 0, w: -1}
  - {x: 0.25881708, y: 0.0000015529725, z: -0.96592635, w: -1}
  - {x: 0.25881708, y: 0.0000015529725, z: -0.96592635, w: -1}
  - {x: 0.25881708, y: 0.0000015529725, z: -0.96592635, w: -1}
  - {x: -0.9019761, y: 0.43178594, z: 0.0000000055826646, w: -1}
  - {x: -0.9019761, y: 0.43178594, z: 0.0000000055826646, w: -1}
  - {x: -0.9019761, y: 0.43178594, z: 0.0000000055826646, w: -1}
  - {x: 0.7071086, y: -0.0000000073228086, z: -0.7071049, w: -1}
  - {x: 0.7071086, y: -0.0000000073228086, z: -0.7071049, w: -1}
  - {x: 0.7071086, y: -0.0000000073228086, z: -0.7071049, w: -1}
  - {x: -0.9437285, y: 0.33072114, z: -0.000000030886188, w: -1}
  - {x: -0.9437285, y: 0.33072114, z: -0.000000030886188, w: -1}
  - {x: -0.9437285, y: 0.33072114, z: -0.000000030886188, w: -1}
  - {x: 0.96592575, y: -0.0000000133273295, z: -0.25881952, w: -1}
  - {x: 0.96592575, y: -0.0000000133273295, z: -0.25881952, w: -1}
  - {x: 0.96592575, y: -0.0000000133273295, z: -0.25881952, w: -1}
  - {x: -0.9918731, y: 0.1272312, z: 0.00000006708579, w: -1}
  - {x: -0.9918731, y: 0.1272312, z: 0.00000006708579, w: -1}
  - {x: -0.9918731, y: 0.1272312, z: 0.00000006708579, w: -1}
  - {x: 0.9659256, y: -0.000001573328, z: 0.25882012, w: -1}
  - {x: 0.9659256, y: -0.000001573328, z: 0.25882012, w: -1}
  - {x: 0.9659256, y: -0.000001573328, z: 0.25882012, w: -1}
  - {x: -0.9918742, y: -0.12722282, z: -0.00000003311389, w: -1}
  - {x: -0.9918742, y: -0.12722282, z: -0.00000003311389, w: -1}
  - {x: -0.9918742, y: -0.12722282, z: -0.00000003311389, w: -1}
  - {x: 0.7071082, y: -0.000000009665706, z: 0.70710546, w: -1}
  - {x: 0.7071082, y: -0.000000009665706, z: 0.70710546, w: -1}
  - {x: 0.7071082, y: -0.000000009665706, z: 0.70710546, w: -1}
  - {x: -0.9437311, y: -0.33071366, z: -0.000000017803838, w: -1}
  - {x: -0.9437311, y: -0.33071366, z: -0.000000017803838, w: -1}
  - {x: -0.9437311, y: -0.33071366, z: -0.000000017803838, w: -1}
  - {x: 0.25881684, y: 0.0000015600019, z: 0.9659264, w: -1}
  - {x: 0.25881684, y: 0.0000015600019, z: 0.9659264, w: -1}
  - {x: 0.25881684, y: 0.0000015600019, z: 0.9659264, w: -1}
  - {x: -0.9019794, y: -0.43177906, z: 0, w: -1}
  - {x: -0.9019794, y: -0.43177906, z: 0, w: -1}
  - {x: -0.9019794, y: -0.43177906, z: 0, w: -1}
  m_Colors: []
  m_UnwrapParameters:
    m_HardAngle: 88
    m_PackMargin: 20
    m_AngleError: 8
    m_AreaError: 15
  m_PreserveMeshAssetOnDestroy: 0
  assetGuid: 
  m_IsSelectable: 1
  m_SelectedFaces: 
  m_SelectedEdges: []
  m_SelectedVertices: 
--- !u!64 &8667157720616977025
MeshCollider:
  m_ObjectHideFlags: 0
  m_CorrespondingSourceObject: {fileID: 0}
  m_PrefabInstance: {fileID: 0}
  m_PrefabAsset: {fileID: 0}
  m_GameObject: {fileID: 8667157720616977023}
  m_Material: {fileID: 0}
  m_IsTrigger: 0
  m_Enabled: 0
  serializedVersion: 3
  m_Convex: 0
  m_CookingOptions: 14
  m_Mesh: {fileID: 0}
--- !u!1 &8667157721381912144
GameObject:
  m_ObjectHideFlags: 0
  m_CorrespondingSourceObject: {fileID: 0}
  m_PrefabInstance: {fileID: 0}
  m_PrefabAsset: {fileID: 0}
  serializedVersion: 6
  m_Component:
  - component: {fileID: 8667157721381912147}
  m_Layer: 0
  m_Name: YukaLight
  m_TagString: Untagged
  m_Icon: {fileID: 0}
  m_NavMeshLayer: 0
  m_StaticEditorFlags: 0
  m_IsActive: 1
--- !u!4 &8667157721381912147
Transform:
  m_ObjectHideFlags: 0
  m_CorrespondingSourceObject: {fileID: 0}
  m_PrefabInstance: {fileID: 0}
  m_PrefabAsset: {fileID: 0}
  m_GameObject: {fileID: 8667157721381912144}
  m_LocalRotation: {x: -0.0000000037252903, y: -0, z: 0.048114024, w: 0.9988419}
  m_LocalPosition: {x: -147.20776, y: 21.905, z: 9.3609705}
  m_LocalScale: {x: 1, y: 1, z: 1}
  m_Children:
  - {fileID: 8667157719917810449}
  - {fileID: 8667157720616977022}
  m_Father: {fileID: 0}
  m_RootOrder: 0
  m_LocalEulerAnglesHint: {x: 0, y: 93.89101, z: 5.5160003}
