%YAML 1.1
%TAG !u! tag:unity3d.com,2011:
--- !u!1 &3720034536598621785
GameObject:
  m_ObjectHideFlags: 0
  m_CorrespondingSourceObject: {fileID: 0}
  m_PrefabInstance: {fileID: 0}
  m_PrefabAsset: {fileID: 0}
  serializedVersion: 6
  m_Component:
  - component: {fileID: 3720034536598621784}
  m_Layer: 0
  m_Name: Puzzle_Floor_Conduit_Control_Housing_Unconnected
  m_TagString: Untagged
  m_Icon: {fileID: 0}
  m_NavMeshLayer: 0
  m_StaticEditorFlags: 0
  m_IsActive: 1
--- !u!4 &3720034536598621784
Transform:
  m_ObjectHideFlags: 0
  m_CorrespondingSourceObject: {fileID: 0}
  m_PrefabInstance: {fileID: 0}
  m_PrefabAsset: {fileID: 0}
  m_GameObject: {fileID: 3720034536598621785}
  m_LocalRotation: {x: -0, y: -0, z: -0, w: 1}
  m_LocalPosition: {x: -0.068573, y: 0.36626863, z: 0.33570862}
  m_LocalScale: {x: 1, y: 1, z: 1}
  m_Children: []
  m_Father: {fileID: 3720034536842114967}
  m_RootOrder: 1
  m_LocalEulerAnglesHint: {x: 0, y: 0, z: 0}
--- !u!1 &3720034536631765400
GameObject:
  m_ObjectHideFlags: 0
  m_CorrespondingSourceObject: {fileID: 0}
  m_PrefabInstance: {fileID: 0}
  m_PrefabAsset: {fileID: 0}
  serializedVersion: 6
  m_Component:
  - component: {fileID: 3720034536631765378}
  - component: {fileID: 3720034536631765379}
  - component: {fileID: 3720034536631765404}
  - component: {fileID: 3720034536631765405}
  - component: {fileID: 3720034536631765407}
  - component: {fileID: 3720034536631765406}
  m_Layer: 0
  m_Name: object1
  m_TagString: Untagged
  m_Icon: {fileID: 0}
  m_NavMeshLayer: 0
  m_StaticEditorFlags: 0
  m_IsActive: 1
--- !u!4 &3720034536631765378
Transform:
  m_ObjectHideFlags: 0
  m_CorrespondingSourceObject: {fileID: 0}
  m_PrefabInstance: {fileID: 0}
  m_PrefabAsset: {fileID: 0}
  m_GameObject: {fileID: 3720034536631765400}
  m_LocalRotation: {x: 0, y: -0, z: -0, w: 1}
  m_LocalPosition: {x: 0, y: 0, z: 0}
  m_LocalScale: {x: 1, y: 1, z: 1}
  m_Children: []
  m_Father: {fileID: 3720034537965175234}
  m_RootOrder: 0
  m_LocalEulerAnglesHint: {x: 0, y: 0, z: 0}
--- !u!33 &3720034536631765379
MeshFilter:
  m_ObjectHideFlags: 0
  m_CorrespondingSourceObject: {fileID: 0}
  m_PrefabInstance: {fileID: 0}
  m_PrefabAsset: {fileID: 0}
  m_GameObject: {fileID: 3720034536631765400}
  m_Mesh: {fileID: -1103882761297548365, guid: 10c343fc783522b448d1f707fca65940, type: 3}
--- !u!23 &3720034536631765404
MeshRenderer:
  m_ObjectHideFlags: 0
  m_CorrespondingSourceObject: {fileID: 0}
  m_PrefabInstance: {fileID: 0}
  m_PrefabAsset: {fileID: 0}
  m_GameObject: {fileID: 3720034536631765400}
  m_Enabled: 1
  m_CastShadows: 1
  m_ReceiveShadows: 1
  m_DynamicOccludee: 1
  m_MotionVectors: 1
  m_LightProbeUsage: 1
  m_ReflectionProbeUsage: 1
  m_RenderingLayerMask: 1
  m_RendererPriority: 0
  m_Materials:
  - {fileID: 2100000, guid: cbaf3751f4ae2714f9682d9d3d8b1694, type: 2}
  m_StaticBatchInfo:
    firstSubMesh: 0
    subMeshCount: 0
  m_StaticBatchRoot: {fileID: 0}
  m_ProbeAnchor: {fileID: 0}
  m_LightProbeVolumeOverride: {fileID: 0}
  m_ScaleInLightmap: 1
  m_PreserveUVs: 0
  m_IgnoreNormalsForChartDetection: 0
  m_ImportantGI: 0
  m_StitchLightmapSeams: 1
  m_SelectedEditorRenderState: 3
  m_MinimumChartSize: 4
  m_AutoUVMaxDistance: 0.5
  m_AutoUVMaxAngle: 89
  m_LightmapParameters: {fileID: 0}
  m_SortingLayerID: 0
  m_SortingLayer: 0
  m_SortingOrder: 0
--- !u!95 &3720034536631765405
Animator:
  serializedVersion: 3
  m_ObjectHideFlags: 0
  m_CorrespondingSourceObject: {fileID: 0}
  m_PrefabInstance: {fileID: 0}
  m_PrefabAsset: {fileID: 0}
  m_GameObject: {fileID: 3720034536631765400}
  m_Enabled: 1
  m_Avatar: {fileID: 0}
  m_Controller: {fileID: 22100000, guid: 80f76e53cad98964b9f7c3877fa642b7, type: 2}
  m_CullingMode: 0
  m_UpdateMode: 0
  m_ApplyRootMotion: 0
  m_LinearVelocityBlending: 0
  m_WarningMessage: 
  m_HasTransformHierarchy: 1
  m_AllowConstantClipSamplingOptimization: 1
  m_KeepAnimatorControllerStateOnDisable: 0
--- !u!114 &3720034536631765407
MonoBehaviour:
  m_ObjectHideFlags: 0
  m_CorrespondingSourceObject: {fileID: 0}
  m_PrefabInstance: {fileID: 0}
  m_PrefabAsset: {fileID: 0}
  m_GameObject: {fileID: 3720034536631765400}
  m_Enabled: 1
  m_EditorHideFlags: 0
  m_Script: {fileID: 11500000, guid: 3bacecf3448cb53409ae7410c40cd540, type: 3}
  m_Name: 
  m_EditorClassIdentifier: 
  onStart: 0
  activationSpeed: 1
  deactivationSpeed: 1
  isTimer: 1
  timer: 0.25
  isDual: 0
  isRobot: 0
  isPlatform: 0
  activeSFX: {fileID: 8300000, guid: 6829355799328344eacf6aed527f4b2f, type: 3}
  deactivateSFX: {fileID: 8300000, guid: 6829355799328344eacf6aed527f4b2f, type: 3}
  audioSource: {fileID: 0}
  playersOnTrigger: 0
  startTimer: 0
  movingPlatform: {fileID: 0}
--- !u!82 &3720034536631765406
AudioSource:
  m_ObjectHideFlags: 0
  m_CorrespondingSourceObject: {fileID: 0}
  m_PrefabInstance: {fileID: 0}
  m_PrefabAsset: {fileID: 0}
  m_GameObject: {fileID: 3720034536631765400}
  m_Enabled: 1
  serializedVersion: 4
  OutputAudioMixerGroup: {fileID: 0}
  m_audioClip: {fileID: 0}
  m_PlayOnAwake: 1
  m_Volume: 0.147
  m_Pitch: 1
  Loop: 0
  Mute: 0
  Spatialize: 0
  SpatializePostEffects: 0
  Priority: 128
  DopplerLevel: 1
  MinDistance: 1
  MaxDistance: 500
  Pan2D: 0
  rolloffMode: 0
  BypassEffects: 0
  BypassListenerEffects: 0
  BypassReverbZones: 0
  rolloffCustomCurve:
    serializedVersion: 2
    m_Curve:
    - serializedVersion: 3
      time: 0
      value: 1
      inSlope: 0
      outSlope: 0
      tangentMode: 0
      weightedMode: 0
      inWeight: 0.33333334
      outWeight: 0.33333334
    - serializedVersion: 3
      time: 1
      value: 0
      inSlope: 0
      outSlope: 0
      tangentMode: 0
      weightedMode: 0
      inWeight: 0.33333334
      outWeight: 0.33333334
    m_PreInfinity: 2
    m_PostInfinity: 2
    m_RotationOrder: 4
  panLevelCustomCurve:
    serializedVersion: 2
    m_Curve:
    - serializedVersion: 3
      time: 0
      value: 0
      inSlope: 0
      outSlope: 0
      tangentMode: 0
      weightedMode: 0
      inWeight: 0.33333334
      outWeight: 0.33333334
    m_PreInfinity: 2
    m_PostInfinity: 2
    m_RotationOrder: 4
  spreadCustomCurve:
    serializedVersion: 2
    m_Curve:
    - serializedVersion: 3
      time: 0
      value: 0
      inSlope: 0
      outSlope: 0
      tangentMode: 0
      weightedMode: 0
      inWeight: 0.33333334
      outWeight: 0.33333334
    m_PreInfinity: 2
    m_PostInfinity: 2
    m_RotationOrder: 4
  reverbZoneMixCustomCurve:
    serializedVersion: 2
    m_Curve:
    - serializedVersion: 3
      time: 0
      value: 1
      inSlope: 0
      outSlope: 0
      tangentMode: 0
      weightedMode: 0
      inWeight: 0.33333334
      outWeight: 0.33333334
    m_PreInfinity: 2
    m_PostInfinity: 2
    m_RotationOrder: 4
--- !u!1 &3720034536842114962
GameObject:
  m_ObjectHideFlags: 0
  m_CorrespondingSourceObject: {fileID: 0}
  m_PrefabInstance: {fileID: 0}
  m_PrefabAsset: {fileID: 0}
  serializedVersion: 6
  m_Component:
  - component: {fileID: 3720034536842114967}
  - component: {fileID: 3720034536842114960}
  - component: {fileID: 3720034536842114961}
  m_Layer: 0
  m_Name: PressurePlate_Green
  m_TagString: Untagged
  m_Icon: {fileID: 0}
  m_NavMeshLayer: 0
  m_StaticEditorFlags: 0
  m_IsActive: 1
--- !u!4 &3720034536842114967
Transform:
  m_ObjectHideFlags: 0
  m_CorrespondingSourceObject: {fileID: 0}
  m_PrefabInstance: {fileID: 0}
  m_PrefabAsset: {fileID: 0}
  m_GameObject: {fileID: 3720034536842114962}
  m_LocalRotation: {x: 0, y: 0, z: 0, w: 1}
  m_LocalPosition: {x: -354.912, y: 6.45, z: 189.173}
  m_LocalScale: {x: 1, y: 1, z: 1}
  m_Children:
  - {fileID: 3720034537222711881}
  - {fileID: 3720034536598621784}
  - {fileID: 3720034537965175234}
  - {fileID: 4589466099209192201}
  - {fileID: 8205138888684807445}
  - {fileID: 6989482484755417455}
  m_Father: {fileID: 0}
  m_RootOrder: 0
  m_LocalEulerAnglesHint: {x: 0, y: 0, z: 0}
--- !u!65 &3720034536842114960
BoxCollider:
  m_ObjectHideFlags: 0
  m_CorrespondingSourceObject: {fileID: 0}
  m_PrefabInstance: {fileID: 0}
  m_PrefabAsset: {fileID: 0}
  m_GameObject: {fileID: 3720034536842114962}
  m_Material: {fileID: 0}
  m_IsTrigger: 1
  m_Enabled: 1
  serializedVersion: 2
  m_Size: {x: 0.61486816, y: 0.13420248, z: 0.5585785}
  m_Center: {x: -0.07434082, y: 0.43289876, z: 0.33654022}
--- !u!114 &3720034536842114961
MonoBehaviour:
  m_ObjectHideFlags: 0
  m_CorrespondingSourceObject: {fileID: 0}
  m_PrefabInstance: {fileID: 0}
  m_PrefabAsset: {fileID: 0}
  m_GameObject: {fileID: 3720034536842114962}
  m_Enabled: 1
  m_EditorHideFlags: 0
  m_Script: {fileID: 11500000, guid: 98d624145e7663449af9188aa921255f, type: 3}
  m_Name: 
  m_EditorClassIdentifier: 
  OnTriggerEnterCB:
    m_PersistentCalls:
      m_Calls:
      - m_Target: {fileID: 3720034536631765407}
        m_MethodName: Activate
        m_Mode: 1
        m_Arguments:
          m_ObjectArgument: {fileID: 0}
          m_ObjectArgumentAssemblyTypeName: UnityEngine.Object, UnityEngine
          m_IntArgument: 0
          m_FloatArgument: 0
          m_StringArgument: 
          m_BoolArgument: 0
        m_CallState: 2
      - m_Target: {fileID: 2330757927079188381}
        m_MethodName: Stop
        m_Mode: 1
        m_Arguments:
          m_ObjectArgument: {fileID: 0}
          m_ObjectArgumentAssemblyTypeName: UnityEngine.Object, UnityEngine
          m_IntArgument: 0
          m_FloatArgument: 0
          m_StringArgument: 
          m_BoolArgument: 0
        m_CallState: 2
      - m_Target: {fileID: 3267074104869982453}
        m_MethodName: set_enabled
        m_Mode: 6
        m_Arguments:
          m_ObjectArgument: {fileID: 0}
          m_ObjectArgumentAssemblyTypeName: UnityEngine.Object, UnityEngine
          m_IntArgument: 0
          m_FloatArgument: 0
          m_StringArgument: 
          m_BoolArgument: 0
        m_CallState: 2
    m_TypeName: UnityEngine.Events.UnityEvent, UnityEngine.CoreModule, Version=0.0.0.0,
      Culture=neutral, PublicKeyToken=null
  OnTriggerStayCB:
    m_PersistentCalls:
      m_Calls: []
    m_TypeName: UnityEngine.Events.UnityEvent, UnityEngine.CoreModule, Version=0.0.0.0,
      Culture=neutral, PublicKeyToken=null
  OnTriggerExitCB:
    m_PersistentCalls:
      m_Calls:
      - m_Target: {fileID: 3720034536631765407}
        m_MethodName: Deactivate
        m_Mode: 1
        m_Arguments:
          m_ObjectArgument: {fileID: 0}
          m_ObjectArgumentAssemblyTypeName: UnityEngine.Object, UnityEngine
          m_IntArgument: 0
          m_FloatArgument: 0
          m_StringArgument: 
          m_BoolArgument: 0
        m_CallState: 2
      - m_Target: {fileID: 2330757927079188381}
        m_MethodName: Play
        m_Mode: 1
        m_Arguments:
          m_ObjectArgument: {fileID: 0}
          m_ObjectArgumentAssemblyTypeName: UnityEngine.Object, UnityEngine
          m_IntArgument: 0
          m_FloatArgument: 0
          m_StringArgument: 
          m_BoolArgument: 0
        m_CallState: 2
      - m_Target: {fileID: 3267074104869982453}
        m_MethodName: set_enabled
        m_Mode: 6
        m_Arguments:
          m_ObjectArgument: {fileID: 0}
          m_ObjectArgumentAssemblyTypeName: UnityEngine.Object, UnityEngine
          m_IntArgument: 0
          m_FloatArgument: 0
          m_StringArgument: 
          m_BoolArgument: 1
        m_CallState: 2
    m_TypeName: UnityEngine.Events.UnityEvent, UnityEngine.CoreModule, Version=0.0.0.0,
      Culture=neutral, PublicKeyToken=null
  playerType: 2
  otherObj: {fileID: 0}
--- !u!1 &3720034537222711882
GameObject:
  m_ObjectHideFlags: 0
  m_CorrespondingSourceObject: {fileID: 0}
  m_PrefabInstance: {fileID: 0}
  m_PrefabAsset: {fileID: 0}
  serializedVersion: 6
  m_Component:
  - component: {fileID: 3720034537222711881}
  - component: {fileID: 3720034537222711886}
  - component: {fileID: 3720034537222711887}
  - component: {fileID: 3720034537222711880}
  m_Layer: 0
  m_Name: object1
  m_TagString: Untagged
  m_Icon: {fileID: 0}
  m_NavMeshLayer: 0
  m_StaticEditorFlags: 0
  m_IsActive: 1
--- !u!4 &3720034537222711881
Transform:
  m_ObjectHideFlags: 0
  m_CorrespondingSourceObject: {fileID: 0}
  m_PrefabInstance: {fileID: 0}
  m_PrefabAsset: {fileID: 0}
  m_GameObject: {fileID: 3720034537222711882}
  m_LocalRotation: {x: -0, y: -0, z: -0, w: 1}
  m_LocalPosition: {x: -0.068573, y: 0.36626863, z: 0.33570862}
  m_LocalScale: {x: 1, y: 1, z: 1}
  m_Children: []
  m_Father: {fileID: 3720034536842114967}
  m_RootOrder: 0
  m_LocalEulerAnglesHint: {x: 0, y: 0, z: 0}
--- !u!33 &3720034537222711886
MeshFilter:
  m_ObjectHideFlags: 0
  m_CorrespondingSourceObject: {fileID: 0}
  m_PrefabInstance: {fileID: 0}
  m_PrefabAsset: {fileID: 0}
  m_GameObject: {fileID: 3720034537222711882}
  m_Mesh: {fileID: -1103882761297548365, guid: b8f17916a6b4cd54fafafe83d87a0a0b, type: 3}
--- !u!23 &3720034537222711887
MeshRenderer:
  m_ObjectHideFlags: 0
  m_CorrespondingSourceObject: {fileID: 0}
  m_PrefabInstance: {fileID: 0}
  m_PrefabAsset: {fileID: 0}
  m_GameObject: {fileID: 3720034537222711882}
  m_Enabled: 1
  m_CastShadows: 1
  m_ReceiveShadows: 1
  m_DynamicOccludee: 1
  m_MotionVectors: 1
  m_LightProbeUsage: 1
  m_ReflectionProbeUsage: 1
  m_RenderingLayerMask: 1
  m_RendererPriority: 0
  m_Materials:
  - {fileID: 2100000, guid: 8b3fd7277721df84991a6d2dd2b9b24d, type: 2}
  - {fileID: 2100000, guid: 18f9f672d6562a4419470a1383468d5b, type: 2}
  m_StaticBatchInfo:
    firstSubMesh: 0
    subMeshCount: 0
  m_StaticBatchRoot: {fileID: 0}
  m_ProbeAnchor: {fileID: 0}
  m_LightProbeVolumeOverride: {fileID: 0}
  m_ScaleInLightmap: 1
  m_PreserveUVs: 0
  m_IgnoreNormalsForChartDetection: 0
  m_ImportantGI: 0
  m_StitchLightmapSeams: 1
  m_SelectedEditorRenderState: 3
  m_MinimumChartSize: 4
  m_AutoUVMaxDistance: 0.5
  m_AutoUVMaxAngle: 89
  m_LightmapParameters: {fileID: 0}
  m_SortingLayerID: 0
  m_SortingLayer: 0
  m_SortingOrder: 0
--- !u!65 &3720034537222711880
BoxCollider:
  m_ObjectHideFlags: 0
  m_CorrespondingSourceObject: {fileID: 0}
  m_PrefabInstance: {fileID: 0}
  m_PrefabAsset: {fileID: 0}
  m_GameObject: {fileID: 3720034537222711882}
  m_Material: {fileID: 0}
  m_IsTrigger: 0
  m_Enabled: 1
  serializedVersion: 2
  m_Size: {x: 1, y: 0.22500001, z: 1}
  m_Center: {x: 0, y: -0.0875, z: 0}
--- !u!1 &3720034537965175235
GameObject:
  m_ObjectHideFlags: 0
  m_CorrespondingSourceObject: {fileID: 0}
  m_PrefabInstance: {fileID: 0}
  m_PrefabAsset: {fileID: 0}
  serializedVersion: 6
  m_Component:
  - component: {fileID: 3720034537965175234}
  m_Layer: 0
  m_Name: Puzzle_Control_Pressure_Plate
  m_TagString: Untagged
  m_Icon: {fileID: 0}
  m_NavMeshLayer: 0
  m_StaticEditorFlags: 0
  m_IsActive: 1
--- !u!4 &3720034537965175234
Transform:
  m_ObjectHideFlags: 0
  m_CorrespondingSourceObject: {fileID: 0}
  m_PrefabInstance: {fileID: 0}
  m_PrefabAsset: {fileID: 0}
  m_GameObject: {fileID: 3720034537965175235}
  m_LocalRotation: {x: -0, y: -0, z: -0, w: 1}
  m_LocalPosition: {x: -0.0652771, y: 0.41226864, z: 0.33143616}
  m_LocalScale: {x: 1, y: 1, z: 1}
  m_Children:
  - {fileID: 3720034536631765378}
  m_Father: {fileID: 3720034536842114967}
  m_RootOrder: 2
  m_LocalEulerAnglesHint: {x: 0, y: 0, z: 0}
--- !u!1001 &3720034536538951632
PrefabInstance:
  m_ObjectHideFlags: 0
  serializedVersion: 2
  m_Modification:
    m_TransformParent: {fileID: 3720034536842114967}
    m_Modifications:
    - target: {fileID: 4791467075402721989, guid: c31c9751cfb4be54ea67f8bfde888ad9,
        type: 3}
      propertyPath: m_LocalPosition.x
      value: -0.04699707
      objectReference: {fileID: 0}
    - target: {fileID: 4791467075402721989, guid: c31c9751cfb4be54ea67f8bfde888ad9,
        type: 3}
      propertyPath: m_LocalPosition.y
      value: 0.401
      objectReference: {fileID: 0}
    - target: {fileID: 4791467075402721989, guid: c31c9751cfb4be54ea67f8bfde888ad9,
        type: 3}
      propertyPath: m_LocalPosition.z
      value: 0.32299805
      objectReference: {fileID: 0}
    - target: {fileID: 4791467075402721989, guid: c31c9751cfb4be54ea67f8bfde888ad9,
        type: 3}
      propertyPath: m_LocalRotation.x
      value: -0.7071068
      objectReference: {fileID: 0}
    - target: {fileID: 4791467075402721989, guid: c31c9751cfb4be54ea67f8bfde888ad9,
        type: 3}
      propertyPath: m_LocalRotation.y
      value: -0
      objectReference: {fileID: 0}
    - target: {fileID: 4791467075402721989, guid: c31c9751cfb4be54ea67f8bfde888ad9,
        type: 3}
      propertyPath: m_LocalRotation.z
      value: -0
      objectReference: {fileID: 0}
    - target: {fileID: 4791467075402721989, guid: c31c9751cfb4be54ea67f8bfde888ad9,
        type: 3}
      propertyPath: m_LocalRotation.w
      value: 0.7071068
      objectReference: {fileID: 0}
    - target: {fileID: 4791467075402721989, guid: c31c9751cfb4be54ea67f8bfde888ad9,
        type: 3}
      propertyPath: m_RootOrder
      value: 4
      objectReference: {fileID: 0}
    - target: {fileID: 4791467075402721989, guid: c31c9751cfb4be54ea67f8bfde888ad9,
        type: 3}
      propertyPath: m_LocalEulerAnglesHint.x
      value: -90
      objectReference: {fileID: 0}
    - target: {fileID: 4791467075402721989, guid: c31c9751cfb4be54ea67f8bfde888ad9,
        type: 3}
      propertyPath: m_LocalEulerAnglesHint.y
      value: 0
      objectReference: {fileID: 0}
    - target: {fileID: 4791467075402721989, guid: c31c9751cfb4be54ea67f8bfde888ad9,
        type: 3}
      propertyPath: m_LocalEulerAnglesHint.z
      value: 0
      objectReference: {fileID: 0}
    - target: {fileID: 4791467075402721989, guid: c31c9751cfb4be54ea67f8bfde888ad9,
        type: 3}
      propertyPath: m_LocalScale.y
      value: 1.0101014
      objectReference: {fileID: 0}
    - target: {fileID: 4791467075402721989, guid: c31c9751cfb4be54ea67f8bfde888ad9,
        type: 3}
      propertyPath: m_LocalScale.z
      value: 1.0101014
      objectReference: {fileID: 0}
    - target: {fileID: 7514406396619408403, guid: c31c9751cfb4be54ea67f8bfde888ad9,
        type: 3}
      propertyPath: m_Name
      value: YukaAction
      objectReference: {fileID: 0}
    - target: {fileID: 1439098335870703693, guid: c31c9751cfb4be54ea67f8bfde888ad9,
        type: 3}
      propertyPath: InitialModule.startColor.maxColor.r
      value: 0
      objectReference: {fileID: 0}
    - target: {fileID: 1439098335870703693, guid: c31c9751cfb4be54ea67f8bfde888ad9,
        type: 3}
      propertyPath: InitialModule.startColor.maxColor.g
      value: 1
      objectReference: {fileID: 0}
    - target: {fileID: 1439098335870703693, guid: c31c9751cfb4be54ea67f8bfde888ad9,
        type: 3}
      propertyPath: InitialModule.startColor.maxColor.b
      value: 0.0056221485
      objectReference: {fileID: 0}
    m_RemovedComponents: []
  m_SourcePrefab: {fileID: 100100000, guid: c31c9751cfb4be54ea67f8bfde888ad9, type: 3}
--- !u!4 &8205138888684807445 stripped
Transform:
  m_CorrespondingSourceObject: {fileID: 4791467075402721989, guid: c31c9751cfb4be54ea67f8bfde888ad9,
    type: 3}
  m_PrefabInstance: {fileID: 3720034536538951632}
  m_PrefabAsset: {fileID: 0}
--- !u!198 &2330757927079188381 stripped
ParticleSystem:
  m_CorrespondingSourceObject: {fileID: 1439098335870703693, guid: c31c9751cfb4be54ea67f8bfde888ad9,
    type: 3}
  m_PrefabInstance: {fileID: 3720034536538951632}
  m_PrefabAsset: {fileID: 0}
--- !u!1001 &3720034537572490251
PrefabInstance:
  m_ObjectHideFlags: 0
  serializedVersion: 2
  m_Modification:
    m_TransformParent: {fileID: 3720034536842114967}
    m_Modifications:
    - target: {fileID: 4417433369473869427, guid: a0b922ddf31d41b4e97c154b9638899f,
        type: 3}
      propertyPath: m_Name
      value: YukaLight
      objectReference: {fileID: 0}
    - target: {fileID: 869538506462895874, guid: a0b922ddf31d41b4e97c154b9638899f,
        type: 3}
      propertyPath: m_LocalPosition.x
      value: -0.068573
      objectReference: {fileID: 0}
    - target: {fileID: 869538506462895874, guid: a0b922ddf31d41b4e97c154b9638899f,
        type: 3}
      propertyPath: m_LocalPosition.y
      value: 0.5100002
      objectReference: {fileID: 0}
    - target: {fileID: 869538506462895874, guid: a0b922ddf31d41b4e97c154b9638899f,
        type: 3}
      propertyPath: m_LocalPosition.z
      value: 0.32821655
      objectReference: {fileID: 0}
    - target: {fileID: 869538506462895874, guid: a0b922ddf31d41b4e97c154b9638899f,
        type: 3}
      propertyPath: m_LocalRotation.x
      value: -0
      objectReference: {fileID: 0}
    - target: {fileID: 869538506462895874, guid: a0b922ddf31d41b4e97c154b9638899f,
        type: 3}
      propertyPath: m_LocalRotation.y
      value: -0
      objectReference: {fileID: 0}
    - target: {fileID: 869538506462895874, guid: a0b922ddf31d41b4e97c154b9638899f,
        type: 3}
      propertyPath: m_LocalRotation.z
      value: -0
      objectReference: {fileID: 0}
    - target: {fileID: 869538506462895874, guid: a0b922ddf31d41b4e97c154b9638899f,
        type: 3}
      propertyPath: m_LocalRotation.w
      value: 1
      objectReference: {fileID: 0}
    - target: {fileID: 869538506462895874, guid: a0b922ddf31d41b4e97c154b9638899f,
        type: 3}
      propertyPath: m_RootOrder
      value: 3
      objectReference: {fileID: 0}
    - target: {fileID: 869538506462895874, guid: a0b922ddf31d41b4e97c154b9638899f,
        type: 3}
      propertyPath: m_LocalEulerAnglesHint.x
      value: 0
      objectReference: {fileID: 0}
    - target: {fileID: 869538506462895874, guid: a0b922ddf31d41b4e97c154b9638899f,
        type: 3}
      propertyPath: m_LocalEulerAnglesHint.y
      value: 0
      objectReference: {fileID: 0}
    - target: {fileID: 869538506462895874, guid: a0b922ddf31d41b4e97c154b9638899f,
        type: 3}
      propertyPath: m_LocalEulerAnglesHint.z
      value: 0
      objectReference: {fileID: 0}
    - target: {fileID: 2231196226346700030, guid: a0b922ddf31d41b4e97c154b9638899f,
        type: 3}
      propertyPath: m_Color.r
      value: 0.05260229
      objectReference: {fileID: 0}
    - target: {fileID: 2231196226346700030, guid: a0b922ddf31d41b4e97c154b9638899f,
        type: 3}
      propertyPath: m_Color.g
      value: 1
      objectReference: {fileID: 0}
    m_RemovedComponents: []
  m_SourcePrefab: {fileID: 100100000, guid: a0b922ddf31d41b4e97c154b9638899f, type: 3}
--- !u!4 &4589466099209192201 stripped
Transform:
  m_CorrespondingSourceObject: {fileID: 869538506462895874, guid: a0b922ddf31d41b4e97c154b9638899f,
    type: 3}
  m_PrefabInstance: {fileID: 3720034537572490251}
  m_PrefabAsset: {fileID: 0}
--- !u!108 &3267074104869982453 stripped
Light:
  m_CorrespondingSourceObject: {fileID: 2231196226346700030, guid: a0b922ddf31d41b4e97c154b9638899f,
    type: 3}
  m_PrefabInstance: {fileID: 3720034537572490251}
  m_PrefabAsset: {fileID: 0}
--- !u!1001 &4403447882523745506
PrefabInstance:
  m_ObjectHideFlags: 0
  serializedVersion: 2
  m_Modification:
    m_TransformParent: {fileID: 6989482484928290957}
    m_Modifications:
    - target: {fileID: 2941033132672660703, guid: 9852697ccaa3dbd418c68bef5efa0dfd,
        type: 3}
      propertyPath: m_Name
      value: Bridge
      objectReference: {fileID: 0}
    - target: {fileID: 2201134135979624140, guid: 9852697ccaa3dbd418c68bef5efa0dfd,
        type: 3}
      propertyPath: m_LocalPosition.x
      value: 0.20021656
      objectReference: {fileID: 0}
    - target: {fileID: 2201134135979624140, guid: 9852697ccaa3dbd418c68bef5efa0dfd,
        type: 3}
      propertyPath: m_LocalPosition.y
      value: 0.70150316
      objectReference: {fileID: 0}
    - target: {fileID: 2201134135979624140, guid: 9852697ccaa3dbd418c68bef5efa0dfd,
        type: 3}
      propertyPath: m_LocalPosition.z
      value: -1.0410087
      objectReference: {fileID: 0}
    - target: {fileID: 2201134135979624140, guid: 9852697ccaa3dbd418c68bef5efa0dfd,
        type: 3}
      propertyPath: m_LocalRotation.x
      value: -0
      objectReference: {fileID: 0}
    - target: {fileID: 2201134135979624140, guid: 9852697ccaa3dbd418c68bef5efa0dfd,
        type: 3}
      propertyPath: m_LocalRotation.y
      value: -0.7071071
      objectReference: {fileID: 0}
    - target: {fileID: 2201134135979624140, guid: 9852697ccaa3dbd418c68bef5efa0dfd,
        type: 3}
      propertyPath: m_LocalRotation.z
      value: -0
      objectReference: {fileID: 0}
    - target: {fileID: 2201134135979624140, guid: 9852697ccaa3dbd418c68bef5efa0dfd,
        type: 3}
      propertyPath: m_LocalRotation.w
      value: -0.7071065
      objectReference: {fileID: 0}
    - target: {fileID: 2201134135979624140, guid: 9852697ccaa3dbd418c68bef5efa0dfd,
        type: 3}
      propertyPath: m_RootOrder
      value: 0
      objectReference: {fileID: 0}
    - target: {fileID: 2201134135979624140, guid: 9852697ccaa3dbd418c68bef5efa0dfd,
        type: 3}
      propertyPath: m_LocalEulerAnglesHint.x
      value: 0
      objectReference: {fileID: 0}
    - target: {fileID: 2201134135979624140, guid: 9852697ccaa3dbd418c68bef5efa0dfd,
        type: 3}
      propertyPath: m_LocalEulerAnglesHint.y
      value: -270
      objectReference: {fileID: 0}
    - target: {fileID: 2201134135979624140, guid: 9852697ccaa3dbd418c68bef5efa0dfd,
        type: 3}
      propertyPath: m_LocalEulerAnglesHint.z
      value: 0
      objectReference: {fileID: 0}
    - target: {fileID: 2201134135979624140, guid: 9852697ccaa3dbd418c68bef5efa0dfd,
        type: 3}
      propertyPath: m_LocalScale.y
      value: 6.655131
      objectReference: {fileID: 0}
    - target: {fileID: 2201134135979624140, guid: 9852697ccaa3dbd418c68bef5efa0dfd,
        type: 3}
      propertyPath: m_LocalScale.z
      value: 0.3390022
      objectReference: {fileID: 0}
    m_RemovedComponents: []
  m_SourcePrefab: {fileID: 100100000, guid: 9852697ccaa3dbd418c68bef5efa0dfd, type: 3}
--- !u!1001 &5382936325849773190
PrefabInstance:
  m_ObjectHideFlags: 0
  serializedVersion: 2
  m_Modification:
    m_TransformParent: {fileID: 3720034536842114967}
    m_Modifications:
    - target: {fileID: 3047715771581677030, guid: 62e8c59c62d89404484a6f28dc0cb6c7,
        type: 3}
      propertyPath: m_Name
      value: Extend Bridge_Small
      objectReference: {fileID: 0}
    - target: {fileID: 3047715771581677033, guid: 62e8c59c62d89404484a6f28dc0cb6c7,
        type: 3}
      propertyPath: m_LocalPosition.x
      value: 4.017395
      objectReference: {fileID: 0}
    - target: {fileID: 3047715771581677033, guid: 62e8c59c62d89404484a6f28dc0cb6c7,
        type: 3}
      propertyPath: m_LocalPosition.y
      value: -2.4614081
      objectReference: {fileID: 0}
    - target: {fileID: 3047715771581677033, guid: 62e8c59c62d89404484a6f28dc0cb6c7,
        type: 3}
      propertyPath: m_LocalPosition.z
      value: 2.544
      objectReference: {fileID: 0}
    - target: {fileID: 3047715771581677033, guid: 62e8c59c62d89404484a6f28dc0cb6c7,
        type: 3}
      propertyPath: m_LocalRotation.x
      value: -0
      objectReference: {fileID: 0}
    - target: {fileID: 3047715771581677033, guid: 62e8c59c62d89404484a6f28dc0cb6c7,
        type: 3}
      propertyPath: m_LocalRotation.y
      value: -0
      objectReference: {fileID: 0}
    - target: {fileID: 3047715771581677033, guid: 62e8c59c62d89404484a6f28dc0cb6c7,
        type: 3}
      propertyPath: m_LocalRotation.z
      value: -0
      objectReference: {fileID: 0}
    - target: {fileID: 3047715771581677033, guid: 62e8c59c62d89404484a6f28dc0cb6c7,
        type: 3}
      propertyPath: m_LocalRotation.w
      value: 1
      objectReference: {fileID: 0}
    - target: {fileID: 3047715771581677033, guid: 62e8c59c62d89404484a6f28dc0cb6c7,
        type: 3}
      propertyPath: m_RootOrder
      value: 5
      objectReference: {fileID: 0}
    - target: {fileID: 3047715771581677033, guid: 62e8c59c62d89404484a6f28dc0cb6c7,
        type: 3}
      propertyPath: m_LocalEulerAnglesHint.x
      value: 0
      objectReference: {fileID: 0}
    - target: {fileID: 3047715771581677033, guid: 62e8c59c62d89404484a6f28dc0cb6c7,
        type: 3}
      propertyPath: m_LocalEulerAnglesHint.y
      value: 0
      objectReference: {fileID: 0}
    - target: {fileID: 3047715771581677033, guid: 62e8c59c62d89404484a6f28dc0cb6c7,
        type: 3}
      propertyPath: m_LocalEulerAnglesHint.z
      value: 0
      objectReference: {fileID: 0}
    - target: {fileID: 3047715770605961924, guid: 62e8c59c62d89404484a6f28dc0cb6c7,
        type: 3}
      propertyPath: m_Mesh
      value: 
      objectReference: {fileID: 0}
    - target: {fileID: 3047715770605961923, guid: 62e8c59c62d89404484a6f28dc0cb6c7,
        type: 3}
      propertyPath: m_Mesh
      value: 
      objectReference: {fileID: 0}
    - target: {fileID: 3047715770609725259, guid: 62e8c59c62d89404484a6f28dc0cb6c7,
        type: 3}
      propertyPath: m_Mesh
      value: 
      objectReference: {fileID: 0}
    - target: {fileID: 3047715770609725254, guid: 62e8c59c62d89404484a6f28dc0cb6c7,
        type: 3}
      propertyPath: m_Mesh
      value: 
      objectReference: {fileID: 0}
    - target: {fileID: 3047715771045221792, guid: 62e8c59c62d89404484a6f28dc0cb6c7,
        type: 3}
      propertyPath: m_Mesh
      value: 
      objectReference: {fileID: 0}
    - target: {fileID: 3047715771045221791, guid: 62e8c59c62d89404484a6f28dc0cb6c7,
        type: 3}
      propertyPath: m_Mesh
      value: 
      objectReference: {fileID: 0}
    - target: {fileID: 3047715771231536425, guid: 62e8c59c62d89404484a6f28dc0cb6c7,
        type: 3}
      propertyPath: m_Mesh
      value: 
      objectReference: {fileID: 0}
    - target: {fileID: 3047715771231536420, guid: 62e8c59c62d89404484a6f28dc0cb6c7,
        type: 3}
      propertyPath: m_Mesh
      value: 
      objectReference: {fileID: 0}
    - target: {fileID: 3047715771408274447, guid: 62e8c59c62d89404484a6f28dc0cb6c7,
        type: 3}
      propertyPath: m_Mesh
      value: 
      objectReference: {fileID: 0}
    - target: {fileID: 3047715771408274444, guid: 62e8c59c62d89404484a6f28dc0cb6c7,
        type: 3}
      propertyPath: m_Enabled
      value: 0
      objectReference: {fileID: 0}
    - target: {fileID: 3047715771408274442, guid: 62e8c59c62d89404484a6f28dc0cb6c7,
        type: 3}
      propertyPath: m_Mesh
      value: 
      objectReference: {fileID: 0}
    - target: {fileID: 3047715771408274442, guid: 62e8c59c62d89404484a6f28dc0cb6c7,
        type: 3}
      propertyPath: m_Enabled
      value: 0
      objectReference: {fileID: 0}
    - target: {fileID: 3047715771442183966, guid: 62e8c59c62d89404484a6f28dc0cb6c7,
        type: 3}
      propertyPath: m_Mesh
      value: 
      objectReference: {fileID: 0}
    - target: {fileID: 3047715771442183965, guid: 62e8c59c62d89404484a6f28dc0cb6c7,
        type: 3}
      propertyPath: m_Mesh
      value: 
      objectReference: {fileID: 0}
    - target: {fileID: 3047715772048685565, guid: 62e8c59c62d89404484a6f28dc0cb6c7,
        type: 3}
      propertyPath: m_Mesh
      value: 
      objectReference: {fileID: 0}
    - target: {fileID: 3047715772048685560, guid: 62e8c59c62d89404484a6f28dc0cb6c7,
        type: 3}
      propertyPath: m_Mesh
      value: 
      objectReference: {fileID: 0}
    - target: {fileID: 3047715772409107222, guid: 62e8c59c62d89404484a6f28dc0cb6c7,
        type: 3}
      propertyPath: m_Mesh
      value: 
      objectReference: {fileID: 0}
    - target: {fileID: 3047715772409107221, guid: 62e8c59c62d89404484a6f28dc0cb6c7,
        type: 3}
      propertyPath: m_Mesh
      value: 
      objectReference: {fileID: 0}
    m_RemovedComponents: []
  m_SourcePrefab: {fileID: 100100000, guid: 62e8c59c62d89404484a6f28dc0cb6c7, type: 3}
--- !u!4 &6989482484755417455 stripped
Transform:
  m_CorrespondingSourceObject: {fileID: 3047715771581677033, guid: 62e8c59c62d89404484a6f28dc0cb6c7,
    type: 3}
  m_PrefabInstance: {fileID: 5382936325849773190}
  m_PrefabAsset: {fileID: 0}
--- !u!4 &6989482484928290957 stripped
Transform:
  m_CorrespondingSourceObject: {fileID: 3047715771408274443, guid: 62e8c59c62d89404484a6f28dc0cb6c7,
    type: 3}
  m_PrefabInstance: {fileID: 5382936325849773190}
  m_PrefabAsset: {fileID: 0}
