%YAML 1.1
%TAG !u! tag:unity3d.com,2011:
--- !u!82 &1488048056788390885
AudioSource:
  m_ObjectHideFlags: 0
  m_CorrespondingSourceObject: {fileID: 0}
  m_PrefabInstance: {fileID: 0}
  m_PrefabAsset: {fileID: 0}
  m_GameObject: {fileID: 3472368730168227874}
  m_Enabled: 1
  serializedVersion: 4
  OutputAudioMixerGroup: {fileID: 0}
  m_audioClip: {fileID: 8300000, guid: 2bb5d10cc06e1be48887a96b8d3301ee, type: 3}
  m_PlayOnAwake: 0
  m_Volume: 0.5
  m_Pitch: 1
  Loop: 0
  Mute: 0
  Spatialize: 0
  SpatializePostEffects: 0
  Priority: 128
  DopplerLevel: 1
  MinDistance: 1
  MaxDistance: 500
  Pan2D: 0
  rolloffMode: 0
  BypassEffects: 0
  BypassListenerEffects: 0
  BypassReverbZones: 0
  rolloffCustomCurve:
    serializedVersion: 2
    m_Curve:
    - serializedVersion: 3
      time: 0
      value: 1
      inSlope: 0
      outSlope: 0
      tangentMode: 0
      weightedMode: 0
      inWeight: 0.33333334
      outWeight: 0.33333334
    - serializedVersion: 3
      time: 1
      value: 0
      inSlope: 0
      outSlope: 0
      tangentMode: 0
      weightedMode: 0
      inWeight: 0.33333334
      outWeight: 0.33333334
    m_PreInfinity: 2
    m_PostInfinity: 2
    m_RotationOrder: 4
  panLevelCustomCurve:
    serializedVersion: 2
    m_Curve:
    - serializedVersion: 3
      time: 0
      value: 0
      inSlope: 0
      outSlope: 0
      tangentMode: 0
      weightedMode: 0
      inWeight: 0.33333334
      outWeight: 0.33333334
    m_PreInfinity: 2
    m_PostInfinity: 2
    m_RotationOrder: 4
  spreadCustomCurve:
    serializedVersion: 2
    m_Curve:
    - serializedVersion: 3
      time: 0
      value: 0
      inSlope: 0
      outSlope: 0
      tangentMode: 0
      weightedMode: 0
      inWeight: 0.33333334
      outWeight: 0.33333334
    m_PreInfinity: 2
    m_PostInfinity: 2
    m_RotationOrder: 4
  reverbZoneMixCustomCurve:
    serializedVersion: 2
    m_Curve:
    - serializedVersion: 3
      time: 0
      value: 1
      inSlope: 0
      outSlope: 0
      tangentMode: 0
      weightedMode: 0
      inWeight: 0.33333334
      outWeight: 0.33333334
    m_PreInfinity: 2
    m_PostInfinity: 2
    m_RotationOrder: 4
--- !u!1 &5205651749821395516
GameObject:
  m_ObjectHideFlags: 0
  m_CorrespondingSourceObject: {fileID: 0}
  m_PrefabInstance: {fileID: 0}
  m_PrefabAsset: {fileID: 0}
  serializedVersion: 6
  m_Component:
  - component: {fileID: 5205651749821395517}
  - component: {fileID: 5205651749821395515}
  - component: {fileID: 5205651749821395514}
  - component: {fileID: 5205651749821395513}
  - component: {fileID: 5205651749821395512}
  - component: {fileID: 5205651749821395519}
  - component: {fileID: 5205651749821395518}
  - component: {fileID: 2304979358495589288}
  m_Layer: 0
  m_Name: Cube
  m_TagString: Untagged
  m_Icon: {fileID: 0}
  m_NavMeshLayer: 0
  m_StaticEditorFlags: 0
  m_IsActive: 1
--- !u!4 &5205651749821395517
Transform:
  m_ObjectHideFlags: 0
  m_CorrespondingSourceObject: {fileID: 0}
  m_PrefabInstance: {fileID: 0}
  m_PrefabAsset: {fileID: 0}
  m_GameObject: {fileID: 5205651749821395516}
  m_LocalRotation: {x: -0, y: -0, z: -0, w: 1}
  m_LocalPosition: {x: 0.1734619, y: -1.1, z: -0.2190094}
  m_LocalScale: {x: 1, y: 1, z: 1}
  m_Children: []
  m_Father: {fileID: 5205651751495099046}
  m_RootOrder: 0
  m_LocalEulerAnglesHint: {x: 0, y: 0, z: 0}
--- !u!33 &5205651749821395515
MeshFilter:
  m_ObjectHideFlags: 0
  m_CorrespondingSourceObject: {fileID: 0}
  m_PrefabInstance: {fileID: 0}
  m_PrefabAsset: {fileID: 0}
  m_GameObject: {fileID: 5205651749821395516}
  m_Mesh: {fileID: 0}
--- !u!23 &5205651749821395514
MeshRenderer:
  m_ObjectHideFlags: 0
  m_CorrespondingSourceObject: {fileID: 0}
  m_PrefabInstance: {fileID: 0}
  m_PrefabAsset: {fileID: 0}
  m_GameObject: {fileID: 5205651749821395516}
  m_Enabled: 1
  m_CastShadows: 1
  m_ReceiveShadows: 1
  m_DynamicOccludee: 1
  m_MotionVectors: 1
  m_LightProbeUsage: 1
  m_ReflectionProbeUsage: 1
  m_RenderingLayerMask: 1
  m_RendererPriority: 0
  m_Materials:
  - {fileID: 2100000, guid: c22777d6e868e4f2fb421913386b154e, type: 2}
  m_StaticBatchInfo:
    firstSubMesh: 0
    subMeshCount: 0
  m_StaticBatchRoot: {fileID: 0}
  m_ProbeAnchor: {fileID: 0}
  m_LightProbeVolumeOverride: {fileID: 0}
  m_ScaleInLightmap: 1
  m_PreserveUVs: 0
  m_IgnoreNormalsForChartDetection: 0
  m_ImportantGI: 0
  m_StitchLightmapSeams: 1
  m_SelectedEditorRenderState: 2
  m_MinimumChartSize: 4
  m_AutoUVMaxDistance: 0.5
  m_AutoUVMaxAngle: 89
  m_LightmapParameters: {fileID: 0}
  m_SortingLayerID: 0
  m_SortingLayer: 0
  m_SortingOrder: 0
--- !u!114 &5205651749821395513
MonoBehaviour:
  m_ObjectHideFlags: 0
  m_CorrespondingSourceObject: {fileID: 0}
  m_PrefabInstance: {fileID: 0}
  m_PrefabAsset: {fileID: 0}
  m_GameObject: {fileID: 5205651749821395516}
  m_Enabled: 1
  m_EditorHideFlags: 0
  m_Script: {fileID: 11500000, guid: 8233d90336aea43098adf6dbabd606a2, type: 3}
  m_Name: 
  m_EditorClassIdentifier: 
  m_MeshFormatVersion: 1
  m_Faces:
  - m_Indexes: 000000000100000002000000010000000300000002000000
    m_SmoothingGroup: 0
    m_Uv:
      m_UseWorldSpace: 0
      m_FlipU: 0
      m_FlipV: 0
      m_SwapUV: 0
      m_Fill: 1
      m_Scale: {x: 1, y: 1}
      m_Offset: {x: 0, y: 0}
      m_Rotation: 0
      m_Anchor: 9
    m_Material: {fileID: 0}
    m_SubmeshIndex: 0
    m_ManualUV: 0
    elementGroup: -1
    m_TextureGroup: -1
  - m_Indexes: 040000000500000006000000050000000700000006000000
    m_SmoothingGroup: 0
    m_Uv:
      m_UseWorldSpace: 0
      m_FlipU: 0
      m_FlipV: 0
      m_SwapUV: 0
      m_Fill: 1
      m_Scale: {x: 1, y: 1}
      m_Offset: {x: 0, y: 0}
      m_Rotation: 0
      m_Anchor: 9
    m_Material: {fileID: 0}
    m_SubmeshIndex: 0
    m_ManualUV: 0
    elementGroup: -1
    m_TextureGroup: -1
  - m_Indexes: 08000000090000000a000000090000000b0000000a000000
    m_SmoothingGroup: 0
    m_Uv:
      m_UseWorldSpace: 0
      m_FlipU: 0
      m_FlipV: 0
      m_SwapUV: 0
      m_Fill: 1
      m_Scale: {x: 1, y: 1}
      m_Offset: {x: 0, y: 0}
      m_Rotation: 0
      m_Anchor: 9
    m_Material: {fileID: 0}
    m_SubmeshIndex: 0
    m_ManualUV: 0
    elementGroup: -1
    m_TextureGroup: -1
  - m_Indexes: 0c0000000d0000000e0000000d0000000f0000000e000000
    m_SmoothingGroup: 0
    m_Uv:
      m_UseWorldSpace: 0
      m_FlipU: 0
      m_FlipV: 0
      m_SwapUV: 0
      m_Fill: 1
      m_Scale: {x: 1, y: 1}
      m_Offset: {x: 0, y: 0}
      m_Rotation: 0
      m_Anchor: 9
    m_Material: {fileID: 0}
    m_SubmeshIndex: 0
    m_ManualUV: 0
    elementGroup: -1
    m_TextureGroup: -1
  - m_Indexes: 100000001100000012000000110000001300000012000000
    m_SmoothingGroup: 0
    m_Uv:
      m_UseWorldSpace: 0
      m_FlipU: 0
      m_FlipV: 0
      m_SwapUV: 0
      m_Fill: 1
      m_Scale: {x: 1, y: 1}
      m_Offset: {x: 0, y: 0}
      m_Rotation: 0
      m_Anchor: 9
    m_Material: {fileID: 0}
    m_SubmeshIndex: 0
    m_ManualUV: 0
    elementGroup: -1
    m_TextureGroup: -1
  - m_Indexes: 140000001500000016000000150000001700000016000000
    m_SmoothingGroup: 0
    m_Uv:
      m_UseWorldSpace: 0
      m_FlipU: 0
      m_FlipV: 0
      m_SwapUV: 0
      m_Fill: 1
      m_Scale: {x: 1, y: 1}
      m_Offset: {x: 0, y: 0}
      m_Rotation: 0
      m_Anchor: 9
    m_Material: {fileID: 0}
    m_SubmeshIndex: 0
    m_ManualUV: 0
    elementGroup: -1
    m_TextureGroup: -1
  m_SharedVertices:
  - m_Vertices: 000000000d00000016000000
  - m_Vertices: 010000000400000017000000
  - m_Vertices: 020000000f00000010000000
  - m_Vertices: 030000000600000011000000
  - m_Vertices: 050000000800000015000000
  - m_Vertices: 070000000a00000013000000
  - m_Vertices: 090000000c00000014000000
  - m_Vertices: 0b0000000e00000012000000
  m_SharedTextures: []
  m_Positions:
  - {x: 0, y: 0, z: 0}
  - {x: 1, y: 0, z: 0}
  - {x: 0, y: 1, z: 0}
  - {x: 1, y: 1, z: 0}
  - {x: 1, y: 0, z: 0}
  - {x: 1, y: 0, z: -1}
  - {x: 1, y: 1, z: 0}
  - {x: 1, y: 1, z: -1}
  - {x: 1, y: 0, z: -1}
  - {x: 0, y: 0, z: -1}
  - {x: 1, y: 1, z: -1}
  - {x: 0, y: 1, z: -1}
  - {x: 0, y: 0, z: -1}
  - {x: 0, y: 0, z: 0}
  - {x: 0, y: 1, z: -1}
  - {x: 0, y: 1, z: 0}
  - {x: 0, y: 1, z: 0}
  - {x: 1, y: 1, z: 0}
  - {x: 0, y: 1, z: -1}
  - {x: 1, y: 1, z: -1}
  - {x: 0, y: 0, z: -1}
  - {x: 1, y: 0, z: -1}
  - {x: 0, y: 0, z: 0}
  - {x: 1, y: 0, z: 0}
  m_Textures0:
  - {x: 0, y: 0}
  - {x: -1, y: 0}
  - {x: 0, y: 1}
  - {x: -1, y: 1}
  - {x: 0, y: 0}
  - {x: -1, y: 0}
  - {x: 0, y: 1}
  - {x: -1, y: 1}
  - {x: 1, y: 0}
  - {x: 0, y: 0}
  - {x: 1, y: 1}
  - {x: 0, y: 1}
  - {x: 1, y: 0}
  - {x: 0, y: 0}
  - {x: 1, y: 1}
  - {x: 0, y: 1}
  - {x: 0, y: 0}
  - {x: 1, y: 0}
  - {x: 0, y: -1}
  - {x: 1, y: -1}
  - {x: 0, y: -1}
  - {x: -1, y: -1}
  - {x: 0, y: 0}
  - {x: -1, y: 0}
  m_Textures2: []
  m_Textures3: []
  m_Tangents:
  - {x: -1, y: 0, z: 0, w: -1}
  - {x: -1, y: 0, z: 0, w: -1}
  - {x: -1, y: 0, z: 0, w: -1}
  - {x: -1, y: 0, z: 0, w: -1}
  - {x: 0, y: 0, z: 1, w: -1}
  - {x: 0, y: 0, z: 1, w: -1}
  - {x: 0, y: 0, z: 1, w: -1}
  - {x: 0, y: 0, z: 1, w: -1}
  - {x: 1, y: 0, z: 0, w: -1}
  - {x: 1, y: 0, z: 0, w: -1}
  - {x: 1, y: 0, z: 0, w: -1}
  - {x: 1, y: 0, z: 0, w: -1}
  - {x: 0, y: 0, z: -1, w: -1}
  - {x: 0, y: 0, z: -1, w: -1}
  - {x: 0, y: 0, z: -1, w: -1}
  - {x: 0, y: 0, z: -1, w: -1}
  - {x: 1, y: 0, z: 0, w: -1}
  - {x: 1, y: 0, z: 0, w: -1}
  - {x: 1, y: 0, z: 0, w: -1}
  - {x: 1, y: 0, z: 0, w: -1}
  - {x: -1, y: 0, z: 0, w: -1}
  - {x: -1, y: 0, z: 0, w: -1}
  - {x: -1, y: 0, z: 0, w: -1}
  - {x: -1, y: 0, z: 0, w: -1}
  m_Colors: []
  m_UnwrapParameters:
    m_HardAngle: 88
    m_PackMargin: 20
    m_AngleError: 8
    m_AreaError: 15
  m_PreserveMeshAssetOnDestroy: 0
  assetGuid: 
  m_IsSelectable: 1
  m_SelectedFaces: 
  m_SelectedEdges: []
  m_SelectedVertices: 
--- !u!64 &5205651749821395512
MeshCollider:
  m_ObjectHideFlags: 0
  m_CorrespondingSourceObject: {fileID: 0}
  m_PrefabInstance: {fileID: 0}
  m_PrefabAsset: {fileID: 0}
  m_GameObject: {fileID: 5205651749821395516}
  m_Material: {fileID: 0}
  m_IsTrigger: 0
  m_Enabled: 1
  serializedVersion: 3
  m_Convex: 0
  m_CookingOptions: 14
  m_Mesh: {fileID: 0}
--- !u!95 &5205651749821395519
Animator:
  serializedVersion: 3
  m_ObjectHideFlags: 0
  m_CorrespondingSourceObject: {fileID: 0}
  m_PrefabInstance: {fileID: 0}
  m_PrefabAsset: {fileID: 0}
  m_GameObject: {fileID: 5205651749821395516}
  m_Enabled: 1
  m_Avatar: {fileID: 0}
  m_Controller: {fileID: 22100000, guid: 61235d77859a32e4bb6516b6c0198d03, type: 2}
  m_CullingMode: 0
  m_UpdateMode: 0
  m_ApplyRootMotion: 0
  m_LinearVelocityBlending: 0
  m_WarningMessage: 
  m_HasTransformHierarchy: 1
  m_AllowConstantClipSamplingOptimization: 1
  m_KeepAnimatorControllerStateOnDisable: 0
--- !u!114 &5205651749821395518
MonoBehaviour:
  m_ObjectHideFlags: 0
  m_CorrespondingSourceObject: {fileID: 0}
  m_PrefabInstance: {fileID: 0}
  m_PrefabAsset: {fileID: 0}
  m_GameObject: {fileID: 5205651749821395516}
  m_Enabled: 1
  m_EditorHideFlags: 0
  m_Script: {fileID: 11500000, guid: 3bacecf3448cb53409ae7410c40cd540, type: 3}
  m_Name: 
  m_EditorClassIdentifier: 
  onStart: 0
  activationSpeed: 1
  deactivationSpeed: 1
  isTimer: 0
  timer: 0
  isDual: 0
  isRobot: 0
  isPlatform: 0
  activeSFX: {fileID: 8300000, guid: 5d83893a1058ab5448e0758a71caa06a, type: 3}
  deactivateSFX: {fileID: 0}
  audioSource: {fileID: 0}
  playersOnTrigger: 0
  startTimer: 0
  movingPlatform: {fileID: 0}
--- !u!82 &2304979358495589288
AudioSource:
  m_ObjectHideFlags: 0
  m_CorrespondingSourceObject: {fileID: 0}
  m_PrefabInstance: {fileID: 0}
  m_PrefabAsset: {fileID: 0}
  m_GameObject: {fileID: 5205651749821395516}
  m_Enabled: 1
  serializedVersion: 4
  OutputAudioMixerGroup: {fileID: 0}
  m_audioClip: {fileID: 0}
  m_PlayOnAwake: 1
  m_Volume: 0.5
  m_Pitch: 1
  Loop: 0
  Mute: 0
  Spatialize: 0
  SpatializePostEffects: 0
  Priority: 128
  DopplerLevel: 1
  MinDistance: 1
  MaxDistance: 500
  Pan2D: 0
  rolloffMode: 0
  BypassEffects: 0
  BypassListenerEffects: 0
  BypassReverbZones: 0
  rolloffCustomCurve:
    serializedVersion: 2
    m_Curve:
    - serializedVersion: 3
      time: 0
      value: 1
      inSlope: 0
      outSlope: 0
      tangentMode: 0
      weightedMode: 0
      inWeight: 0.33333334
      outWeight: 0.33333334
    - serializedVersion: 3
      time: 1
      value: 0
      inSlope: 0
      outSlope: 0
      tangentMode: 0
      weightedMode: 0
      inWeight: 0.33333334
      outWeight: 0.33333334
    m_PreInfinity: 2
    m_PostInfinity: 2
    m_RotationOrder: 4
  panLevelCustomCurve:
    serializedVersion: 2
    m_Curve:
    - serializedVersion: 3
      time: 0
      value: 0
      inSlope: 0
      outSlope: 0
      tangentMode: 0
      weightedMode: 0
      inWeight: 0.33333334
      outWeight: 0.33333334
    m_PreInfinity: 2
    m_PostInfinity: 2
    m_RotationOrder: 4
  spreadCustomCurve:
    serializedVersion: 2
    m_Curve:
    - serializedVersion: 3
      time: 0
      value: 0
      inSlope: 0
      outSlope: 0
      tangentMode: 0
      weightedMode: 0
      inWeight: 0.33333334
      outWeight: 0.33333334
    m_PreInfinity: 2
    m_PostInfinity: 2
    m_RotationOrder: 4
  reverbZoneMixCustomCurve:
    serializedVersion: 2
    m_Curve:
    - serializedVersion: 3
      time: 0
      value: 1
      inSlope: 0
      outSlope: 0
      tangentMode: 0
      weightedMode: 0
      inWeight: 0.33333334
      outWeight: 0.33333334
    m_PreInfinity: 2
    m_PostInfinity: 2
    m_RotationOrder: 4
--- !u!1 &5205651751495099045
GameObject:
  m_ObjectHideFlags: 0
  m_CorrespondingSourceObject: {fileID: 0}
  m_PrefabInstance: {fileID: 0}
  m_PrefabAsset: {fileID: 0}
  serializedVersion: 6
  m_Component:
  - component: {fileID: 5205651751495099046}
  m_Layer: 0
  m_Name: SwitchBlock_Up
  m_TagString: Untagged
  m_Icon: {fileID: 0}
  m_NavMeshLayer: 0
  m_StaticEditorFlags: 0
  m_IsActive: 1
--- !u!4 &5205651751495099046
Transform:
  m_ObjectHideFlags: 0
  m_CorrespondingSourceObject: {fileID: 0}
  m_PrefabInstance: {fileID: 0}
  m_PrefabAsset: {fileID: 0}
  m_GameObject: {fileID: 5205651751495099045}
  m_LocalRotation: {x: 0, y: 0, z: 0, w: 1}
  m_LocalPosition: {x: -347.535, y: 6.844987, z: 190.06902}
  m_LocalScale: {x: 1, y: 1, z: 1}
  m_Children:
  - {fileID: 5205651749821395517}
  - {fileID: 660863270602866828}
  m_Father: {fileID: 0}
  m_RootOrder: 0
  m_LocalEulerAnglesHint: {x: 0, y: 0, z: 0}
--- !u!1001 &1028513107910885331
PrefabInstance:
  m_ObjectHideFlags: 0
  serializedVersion: 2
  m_Modification:
    m_TransformParent: {fileID: 5205651751495099046}
    m_Modifications:
    - target: {fileID: 535322096373301082, guid: 2f1214094401af1418d8c88aff70121e,
        type: 3}
      propertyPath: m_Name
      value: PressurePlate_Yellow
      objectReference: {fileID: 0}
    - target: {fileID: 535322096373301087, guid: 2f1214094401af1418d8c88aff70121e,
        type: 3}
      propertyPath: m_LocalPosition.x
      value: 0.771
      objectReference: {fileID: 0}
    - target: {fileID: 535322096373301087, guid: 2f1214094401af1418d8c88aff70121e,
        type: 3}
      propertyPath: m_LocalPosition.y
      value: -0.34
      objectReference: {fileID: 0}
    - target: {fileID: 535322096373301087, guid: 2f1214094401af1418d8c88aff70121e,
        type: 3}
      propertyPath: m_LocalPosition.z
      value: 0.119
      objectReference: {fileID: 0}
    - target: {fileID: 535322096373301087, guid: 2f1214094401af1418d8c88aff70121e,
        type: 3}
      propertyPath: m_LocalRotation.x
      value: -0
      objectReference: {fileID: 0}
    - target: {fileID: 535322096373301087, guid: 2f1214094401af1418d8c88aff70121e,
        type: 3}
      propertyPath: m_LocalRotation.y
      value: -0
      objectReference: {fileID: 0}
    - target: {fileID: 535322096373301087, guid: 2f1214094401af1418d8c88aff70121e,
        type: 3}
      propertyPath: m_LocalRotation.z
      value: -0
      objectReference: {fileID: 0}
    - target: {fileID: 535322096373301087, guid: 2f1214094401af1418d8c88aff70121e,
        type: 3}
      propertyPath: m_LocalRotation.w
      value: 1
      objectReference: {fileID: 0}
    - target: {fileID: 535322096373301087, guid: 2f1214094401af1418d8c88aff70121e,
        type: 3}
      propertyPath: m_RootOrder
      value: 1
      objectReference: {fileID: 0}
    - target: {fileID: 535322096373301087, guid: 2f1214094401af1418d8c88aff70121e,
        type: 3}
      propertyPath: m_LocalEulerAnglesHint.x
      value: 0
      objectReference: {fileID: 0}
    - target: {fileID: 535322096373301087, guid: 2f1214094401af1418d8c88aff70121e,
        type: 3}
      propertyPath: m_LocalEulerAnglesHint.y
      value: 0
      objectReference: {fileID: 0}
    - target: {fileID: 535322096373301087, guid: 2f1214094401af1418d8c88aff70121e,
        type: 3}
      propertyPath: m_LocalEulerAnglesHint.z
      value: 0
      objectReference: {fileID: 0}
    - target: {fileID: 535322096373301085, guid: 2f1214094401af1418d8c88aff70121e,
        type: 3}
      propertyPath: OnTriggerEnterCB.m_PersistentCalls.m_Calls.Array.size
      value: 5
      objectReference: {fileID: 0}
    - target: {fileID: 535322096373301085, guid: 2f1214094401af1418d8c88aff70121e,
        type: 3}
      propertyPath: OnTriggerExitCB.m_PersistentCalls.m_Calls.Array.size
      value: 5
      objectReference: {fileID: 0}
    - target: {fileID: 535322096373301085, guid: 2f1214094401af1418d8c88aff70121e,
        type: 3}
      propertyPath: OnTriggerEnterCB.m_PersistentCalls.m_Calls.Array.data[3].m_Mode
      value: 1
      objectReference: {fileID: 0}
    - target: {fileID: 535322096373301085, guid: 2f1214094401af1418d8c88aff70121e,
        type: 3}
      propertyPath: OnTriggerEnterCB.m_PersistentCalls.m_Calls.Array.data[3].m_CallState
      value: 2
      objectReference: {fileID: 0}
    - target: {fileID: 535322096373301085, guid: 2f1214094401af1418d8c88aff70121e,
        type: 3}
      propertyPath: OnTriggerEnterCB.m_PersistentCalls.m_Calls.Array.data[3].m_Target
      value: 
      objectReference: {fileID: 5205651749821395518}
    - target: {fileID: 535322096373301085, guid: 2f1214094401af1418d8c88aff70121e,
        type: 3}
      propertyPath: OnTriggerEnterCB.m_PersistentCalls.m_Calls.Array.data[3].m_MethodName
      value: Activate
      objectReference: {fileID: 0}
    - target: {fileID: 535322096373301085, guid: 2f1214094401af1418d8c88aff70121e,
        type: 3}
      propertyPath: OnTriggerEnterCB.m_PersistentCalls.m_Calls.Array.data[3].m_Arguments.m_ObjectArgumentAssemblyTypeName
      value: UnityEngine.Object, UnityEngine
      objectReference: {fileID: 0}
    - target: {fileID: 535322096373301085, guid: 2f1214094401af1418d8c88aff70121e,
        type: 3}
      propertyPath: OnTriggerExitCB.m_PersistentCalls.m_Calls.Array.data[3].m_Mode
      value: 1
      objectReference: {fileID: 0}
    - target: {fileID: 535322096373301085, guid: 2f1214094401af1418d8c88aff70121e,
        type: 3}
      propertyPath: OnTriggerExitCB.m_PersistentCalls.m_Calls.Array.data[3].m_Arguments.m_BoolArgument
      value: 1
      objectReference: {fileID: 0}
    - target: {fileID: 535322096373301085, guid: 2f1214094401af1418d8c88aff70121e,
        type: 3}
      propertyPath: OnTriggerExitCB.m_PersistentCalls.m_Calls.Array.data[3].m_CallState
      value: 2
      objectReference: {fileID: 0}
    - target: {fileID: 535322096373301085, guid: 2f1214094401af1418d8c88aff70121e,
        type: 3}
      propertyPath: OnTriggerExitCB.m_PersistentCalls.m_Calls.Array.data[3].m_Target
      value: 
      objectReference: {fileID: 5205651749821395518}
    - target: {fileID: 535322096373301085, guid: 2f1214094401af1418d8c88aff70121e,
        type: 3}
      propertyPath: OnTriggerExitCB.m_PersistentCalls.m_Calls.Array.data[3].m_MethodName
      value: Deactivate
      objectReference: {fileID: 0}
    - target: {fileID: 535322096373301085, guid: 2f1214094401af1418d8c88aff70121e,
        type: 3}
      propertyPath: OnTriggerExitCB.m_PersistentCalls.m_Calls.Array.data[3].m_Arguments.m_ObjectArgumentAssemblyTypeName
      value: UnityEngine.Object, UnityEngine
      objectReference: {fileID: 0}
    - target: {fileID: 535322096373301085, guid: 2f1214094401af1418d8c88aff70121e,
        type: 3}
      propertyPath: OnTriggerEnterCB.m_PersistentCalls.m_Calls.Array.data[4].m_Mode
      value: 1
      objectReference: {fileID: 0}
    - target: {fileID: 535322096373301085, guid: 2f1214094401af1418d8c88aff70121e,
        type: 3}
      propertyPath: OnTriggerEnterCB.m_PersistentCalls.m_Calls.Array.data[4].m_CallState
      value: 2
      objectReference: {fileID: 0}
    - target: {fileID: 535322096373301085, guid: 2f1214094401af1418d8c88aff70121e,
        type: 3}
      propertyPath: OnTriggerEnterCB.m_PersistentCalls.m_Calls.Array.data[4].m_Target
      value: 
      objectReference: {fileID: 7836775736432012238}
    - target: {fileID: 535322096373301085, guid: 2f1214094401af1418d8c88aff70121e,
        type: 3}
      propertyPath: OnTriggerEnterCB.m_PersistentCalls.m_Calls.Array.data[4].m_MethodName
      value: Play
      objectReference: {fileID: 0}
    - target: {fileID: 535322096373301085, guid: 2f1214094401af1418d8c88aff70121e,
        type: 3}
      propertyPath: OnTriggerEnterCB.m_PersistentCalls.m_Calls.Array.data[4].m_Arguments.m_ObjectArgumentAssemblyTypeName
      value: UnityEngine.Object, UnityEngine
      objectReference: {fileID: 0}
    - target: {fileID: 535322096373301085, guid: 2f1214094401af1418d8c88aff70121e,
        type: 3}
      propertyPath: OnTriggerExitCB.m_PersistentCalls.m_Calls.Array.data[4].m_Mode
      value: 1
      objectReference: {fileID: 0}
    - target: {fileID: 535322096373301085, guid: 2f1214094401af1418d8c88aff70121e,
        type: 3}
      propertyPath: OnTriggerExitCB.m_PersistentCalls.m_Calls.Array.data[4].m_Arguments.m_BoolArgument
      value: 1
      objectReference: {fileID: 0}
    - target: {fileID: 535322096373301085, guid: 2f1214094401af1418d8c88aff70121e,
        type: 3}
      propertyPath: OnTriggerExitCB.m_PersistentCalls.m_Calls.Array.data[4].m_CallState
      value: 2
      objectReference: {fileID: 0}
    - target: {fileID: 535322096373301085, guid: 2f1214094401af1418d8c88aff70121e,
        type: 3}
      propertyPath: OnTriggerExitCB.m_PersistentCalls.m_Calls.Array.data[4].m_Target
      value: 
      objectReference: {fileID: 1488048056788390885}
    - target: {fileID: 535322096373301085, guid: 2f1214094401af1418d8c88aff70121e,
        type: 3}
      propertyPath: OnTriggerExitCB.m_PersistentCalls.m_Calls.Array.data[4].m_MethodName
      value: Play
      objectReference: {fileID: 0}
    - target: {fileID: 535322096373301085, guid: 2f1214094401af1418d8c88aff70121e,
        type: 3}
      propertyPath: OnTriggerExitCB.m_PersistentCalls.m_Calls.Array.data[4].m_Arguments.m_ObjectArgumentAssemblyTypeName
      value: UnityEngine.Object, UnityEngine
      objectReference: {fileID: 0}
    - target: {fileID: 7099873384773866525, guid: 2f1214094401af1418d8c88aff70121e,
        type: 3}
      propertyPath: m_PlayOnAwake
      value: 0
      objectReference: {fileID: 0}
    - target: {fileID: 7099873384773866525, guid: 2f1214094401af1418d8c88aff70121e,
        type: 3}
      propertyPath: m_audioClip
      value: 
      objectReference: {fileID: 8300000, guid: d41a4fb3699831345bd6f5712b0a88d9, type: 3}
    - target: {fileID: 7099873384773866525, guid: 2f1214094401af1418d8c88aff70121e,
        type: 3}
      propertyPath: m_Volume
      value: 0.5
      objectReference: {fileID: 0}
    m_RemovedComponents: []
  m_SourcePrefab: {fileID: 100100000, guid: 2f1214094401af1418d8c88aff70121e, type: 3}
--- !u!4 &660863270602866828 stripped
Transform:
  m_CorrespondingSourceObject: {fileID: 535322096373301087, guid: 2f1214094401af1418d8c88aff70121e,
    type: 3}
  m_PrefabInstance: {fileID: 1028513107910885331}
  m_PrefabAsset: {fileID: 0}
--- !u!82 &7836775736432012238 stripped
AudioSource:
  m_CorrespondingSourceObject: {fileID: 7099873384773866525, guid: 2f1214094401af1418d8c88aff70121e,
    type: 3}
  m_PrefabInstance: {fileID: 1028513107910885331}
  m_PrefabAsset: {fileID: 0}
--- !u!1 &3472368730168227874 stripped
GameObject:
  m_CorrespondingSourceObject: {fileID: 4500881422445545457, guid: 2f1214094401af1418d8c88aff70121e,
    type: 3}
  m_PrefabInstance: {fileID: 1028513107910885331}
  m_PrefabAsset: {fileID: 0}
